2962 4762
552 174 843 237 ⁴-34-

145 371 283 433 Achillis
306 370 592 432 familiarissimum
621 370 721 432 fuisse
754 388 794 432 ex
818 367 951 430 Homeri
986 367 1183 430 carminibus
1197 368 1219 451 1)
1248 387 1322 450 cog·

146 478 235 541 nosci
259 477 342 540 licet.
994 469 997 474 ¹

235 582 349 666 Neque
377 584 506 645 maioris
537 585 691 646 momenti
716 589 762 646 est
786 584 917 645 tertium
945 581 1060 643 Kochii
1086 585 1321 663 argumentum,

147 692 232 774 quod
256 690 345 753 Trist.
370 690 410 770 V,
433 693 454 752 4
477 711 507 754 v.
522 693 573 752 Ῠ35
597 709 678 772 seq:

305 797 361 859 »Te
384 797 447 859 sibi
471 816 545 858 cum
568 799 679 880 paucis
703 797 850 860 meminit
874 796 1031 858 mansisse
1054 794 1191 875 fidelem,
1275 823 1279 829 ·

306 903 339 966 Si
363 923 482 986 paucos
506 905 624 986 aliquis
648 910 753 966 tresve
778 904 900 965 duosve
923 908 1030 965 uocat«

145 1011 232 1074 haud
257 1012 428 1073 dissimiles
453 1012 516 1073 sint
540 1030 588 1093 ep.
613 1030 653 1073 ex
677 1011 780 1073 Ponto
805 1010 846 1091 H,
871 1014 889 1072 7
914 1031 943 1071 r.
968 1012 1007 1072 81
1034 1028 1113 1090 seq:

349 1117 430 1180 »Nec
454 1138 511 1180 vos
535 1138 631 1201 parva
657 1118 738 1179 datis
762 1119 857 1201 pauci
881 1117 999 1179 solacia
1022 1114 1124 1195 uobis,

350 1222 494 1299 Quorum
519 1231 659 1307 spectata
683 1230 730 1286 est
754 1245 812 1307 per
834 1224 917 1286 mala
942 1228 1051 1286 nostra
1073 1222 1168 1286 fides«

146 1331 284 1395 eundem
317 1332 423 1393 virum
456 1331 710 1413 intellegendum
744 1350 821 1394 esse.
867 1331 961 1394 Hanc
990 1336 1097 1393 autem
1128 1331 1320 1394 sententiam

145 1457 211 1500 non
244 1439 349 1499 solum
377 1439 411 1499 in
439 1437 591 1501 Tristium
622 1436 713 1499 libris
741 1440 868 1520 saepius
899 1437 1038 1520 legimus
1068 1437 1157 1500 velut
1179 1435 1270 1498 Trist.
1294 1435 1320 1516 Ι,

146 1546 176 1623 3,
202 1547 242 1606 15
269 1564 334 1627 seq.
359 1550 389 1607 et
412 1544 471 1624 ΙΙΙ,
496 1547 525 1624 5,
549 1546 568 1606 9
593 1564 658 1627 seq.
682 1545 739 1607 sed
763 1545 859 1606 etiam
882 1546 917 1606 in
942 1545 1067 1626 epistul.
1092 1563 1132 1606 ex
1149 1542 1253 1605 Ponto
1277 1542 1319 1622 H,

146 1653 223 1731 3,'r·.
244 1653 286 1715 29
307 1670 370 1732 seq.
391 1651 530 1733 exempli
555 1670 652 1714 causa
675 1652 761 1713 idern
786 1651 825 1713 de
850 1650 939 1713 Cotta
964 1650 1137 1712 Messalino
1160 1649 1319 1729 laudatur,

145 1763 181 1820 ut
196 1777 237 1820 ex
256 1759 385 1820 illorum
399 1757 544 1819 locorum
559 1757 770 1820 similitudine
784 1758 867 1819 nihil
883 1756 1032 1819 concludi
1052 1775 1146 1838 posse
1161 1762 1318 1839 appareat.

234 1864 297 1928 Sed
322 1865 430 1926 nescio
455 1884 496 1926 an
520 1870 647 1927 nostrae
672 1863 793 1946 elegiae
818 1883 917 1927 sonus
940 1863 1112 1945 ultimique
1135 1854 1263 1926 versusi

269 1969 345 2032 »Fac
369 1971 472 2050 modo,
497 1976 679 2033 constanter
701 1971 874 2053 profugum
897 1977 1022 2033 tueare:
1048 1970 1134 2051 quod
1157 1969 1221 2049 ille,

270 2075 334 2151 oui
357 2077 439 2140 bene
462 2083 494 2139 to
518 2079 616 2157 novit,
639 2097 704 2139 non
727 2084 827 2159 rogat,
850 2079 918 2161 ipsa
943 2096 1043 2165 rogo«,

144 2184 261 2246 melius
285 2182 378 2244 nobis
402 2183 621 2246 demonstrent
644 2184 703 2246 hoc
729 2185 763 2245 iu
782 2186 924 2247 carmine
949 2184 988 2247 de
1008 2184 1115 2246 Attico
1140 2202 1210 2246 esse
1234 2185 1319 2266 cogi-

145 2291 288 2352 tandum.

234 2396 269 2459 Si
302 2397 389 2459 enim
422 2397 574 2479 epistulas
608 2398 647 2459 ad
680 2398 766 2460 huno
802 2400 941 2461 amicum
974 2416 1015 2459 en
1047 2396 1151 2460 Ponto
1185 2399 1319 2479 scriptas

147 2503 317 2586 diligenter
341 2504 597 2585 consideramus,
620 2525 686 2567 non
710 2525 881 2589 possumus
904 2523 1022 2588 negare
1046 2523 1099 2566 eas
1123 2506 1319 2567 anxietatem

145 2615 176 2671 et
200 2609 450 2673 sollicitudiuem
474 2612 611 2692 spirare,
639 2630 680 2673 ne
703 2612 792 2674 illius
816 2632 892 2674 cura
917 2611 1070 2695 languida
1102 2612 1150 2672 sit.
1197 2610 1319 2672 Iterum

145 2720 253 2778 autem
276 2722 372 2798 atque
395 2718 513 2780 iterum
536 2718 681 2780 Atticum
705 2717 908 2799 adhortatur,
945 2727 979 2781 ut
1009 2737 1134 2801 semper
1156 2717 1320 2780 infelicem

57 2859 60 2863 >
146 2822 288 2885 sodalem
312 2830 416 2886 servet
440 2829 470 2887 et
495 2825 524 2887 ei
548 2830 747 2887 constantem
771 2824 869 2887 fidem
887 2825 1047 2908 praebeat.
1093 2823 1208 2905 Itaque
1226 2823 1319 2885 initio

148 2930 237 3010 epist.
262 2928 303 3010 H,
328 2932 348 2992 4
373 2949 414 2992 ex
438 2932 540 2992 anrioo
565 2931 704 3013 quaerit:

305 3035 445 3118 »Ecquid
470 3038 574 3099 adhuc
597 3056 744 3101 remanes
768 3057 891 3102 memor
914 3039 1053 3102 infelicis
1077 3039 1181 3115 aurici,
1273 3045 1275 3048 ‘

308 3141 434 3206 Deserit
457 3164 499 3206 an
522 3145 621 3226 partis
644 3143 800 3227 languida
825 3165 902 3208 cm‘a
926 3148 1025 3209 suas?

307 3248 381 3311 Nou
403 3250 448 3312 ita
471 3248 512 3311 Di
536 3251 614 3312 mihi
638 3258 713 3313 sunt
736 3253 852 3333 tristes,
876 3258 912 3315 ut
936 3253 1064 3315 credere
1087 3253 1217 3335 possim,

307 3355 433 3440 Fasque
456 3363 567 3441 putem
590 3359 655 3420 iam
678 3365 710 3422 te
734 3379 799 3421 nou
823 3361 1008 3422 meminisse
1031 3360 1109 3421 mei«

149 3468 180 3524 et
202 3461 266 3524 fine
291 3465 442 3525 conuiuis
465 3463 557 3526 illum
582 3463 776 3546 alloquitur:

352 3568 415 3632 »Ne
438 3577 547 3632 tamen
570 3571 649 3633 haec
674 3573 737 3634 dici
760 3574 861 3655 possit
884 3573 1005 3635 fiducia
1028 3572 1169 3634 mendax

353 3675 521 3757 Stultaque
545 3677 719 3740 credulitas
743 3685 850 3742 nostra
875 3679 988 3758 fuisse,
1012 3697 1098 3758 care,

354 3781 584 3864 Constantique
608 3783 671 3847 fide
694 3791 835 3849 veterem
859 3791 963 3848 tutare
987 3785 1138 3864 sodalem

354 3887 424 3964 Qua
447 3889 523 3952 licet
546 3896 578 3953 et
602 3898 759 3973 quantum
784 3912 850 3954 non
875 3911 1029 3954 onerosus
1054 3911 1131 3954 ero«

150 3996 258 4078 Atque
280 3997 313 4058 in
340 3996 438 4058 altera
462 3996 565 4080 elegia
583 3999 701 4060 iterum
725 3999 907 4080 interrogat,
930 4018 1009 4060 num
1029 3999 1070 4060 sit
1090 4001 1184 4060 etiam
1204 3998 1322 4060 sodalis

222 4227 241 4295 1)
261 4225 338 4279 mad.
359 4231 387 4291 ψ,
408 4230 467 4279 612.
