2962 4762
237 1141 295 1242 Ex
332 1178 480 1243 versibus
513 1177 591 1258 illis,
610 1195 702 1259 auos
736 1178 768 1238 in
793 1177 897 1259 prima
927 1176 1064 1263 epistula
1089 1194 1128 1238 ex
1153 1173 1257 1238 Ponto
1282 1175 1322 1238 ad

147 1287 288 1349 Brutum
311 1287 410 1349 missa
432 1285 587 1369 legimus:
948 1328 950 1331 ψ

177 1419 179 1425 v
276 1391 401 1456 »Rebus
424 1392 521 1471 idem,
544 1391 638 1454 titulo
663 1390 776 1453 differt.
822 1387 864 1451 Et
887 1389 1025 1472 epistula
1049 1389 1101 1451 cui
1126 1389 1167 1450 sit

278 1498 353 1562 Non
377 1498 535 1561 occultato
560 1498 691 1560 nomine
713 1496 813 1558 missa
836 1495 942 1558 docet«

150 1607 374 1689 cognoscimus
404 1603 512 1668 Ovidii
540 1605 643 1687 ipsius
673 1603 833 1665 sententia
861 1601 920 1664 has
953 1602 1107 1685 epistulas
1136 1621 1173 1665 eo
1198 1607 1324 1664 tantum

152 1713 307 1795 distingui
331 1731 349 1774 a
375 1710 529 1774 Tristium
558 1710 679 1794 elegiis
708 1708 794 1791 quod
822 1709 857 1770 in
881 1708 946 1771 illis
969 1710 1065 1786 viros,
1090 1709 1130 1772 ad
1155 1729 1236 1792 quos
1260 1710 1325 1773 sint

151 1820 296 1901 scriptae,
316 1819 514 1889 nominatim
525 1817 685 1879 allocutus
705 1817 760 1878 est.
798 1813 892 1890 Quod
911 1834 952 1878 ne
971 1816 1006 1877 in
1019 1815 1178 1878 Tristibus
1196 1816 1325 1896 faceret,

151 1945 225 1986 erim
255 1925 331 1988 artis
359 1925 502 1987 maxime
532 1924 638 1986 causis
671 1927 867 1985 commotum
897 1940 966 1985 esse
974 1923 1007 2001 1),
1040 1928 1077 1985 ut
1110 1928 1141 1986 et
1168 1924 1325 1986 miserum

154 2032 382 2114 desertumque
406 2051 424 2093 a
448 2031 515 2093 suis
544 2036 576 2093 et
601 2031 763 2092 maximae
791 2029 945 2111 principis
968 2031 1168 2093 reverentiae
1191 2030 1325 2113 plenum

155 2157 188 2200 se
219 2137 419 2221 depingeret,
448 2137 583 2199 minime
613 2135 707 2198 nobis
735 2135 863 2198 videtur
891 2155 960 2199 esse
991 2136 1174 2200 uerisimile.
1203 2136 1325 2224 ‘Immo

153 2241 239 2323 vero,
262 2263 303 2307 ne
327 2245 446 2307 amicos
471 2262 546 2305 suos
578 2244 612 2305 in
637 2242 780 2305 Caesaris
803 2242 960 2305 invidiam
985 2242 1170 2322 adduceret,
1194 2245 1327 2307 nomina

152 2370 264 2413 eorum
294 2351 423 2413 reticuit
454 2355 554 2432 poeta.
602 2347 686 2424 Quin
719 2350 806 2412 enim
837 2350 1023 2432 Augustus,
1056 2351 1189 2432 quinam
1220 2356 1327 2414 essent

153 2457 260 2520 Ovidii
284 2458 389 2536 amici,
412 2456 499 2519 haud
523 2457 726 2538 ignoraverit,
751 2475 947 2538 quamquam
976 2475 1042 2518 non
1066 2476 1241 2539 possumus
1266 2457 1324 2520 du-

153 2563 264 2644 bitare,
288 2569 396 2626 tamen
421 2582 495 2625 eum
519 2564 590 2626 iure
613 2562 713 2625 fuisse
737 2562 992 2645 indignaturum,
1023 2564 1050 2625 si
1074 2564 1106 2641 ii,
1131 2562 1326 2645 quibuscum

152 2670 370 2733 familiaritate
401 2671 595 2732 coniunctus
626 2674 705 2741 erat,
743 2688 946 2752 quorumque
976 2669 1071 2732 multi
1095 2676 1186 2733 erant
1208 2690 1327 2754 magna

153 2779 186 2838 in
219 2776 386 2860 republica
420 2777 622 2855 auctoritate,
656 2797 729 2838 cum
764 2773 879 2839 Ouidio
901 2777 1009 2839 -etiam
1040 2783 1112 2859 post
1144 2777 1214 2839 eins
1246 2776 1327 2839 rele-

153 2884 316 2964 gationem
341 2889 406 2944 tam
431 2888 577 2965 apertum
601 2882 790 2945 habuissent
812 2901 919 2961 usum,
943 2882 998 2964 qui
1022 2901 1064 2945 ne
1082 2882 1328 2946 multitudinem

155 2989 286 3070 quidem
309 2989 374 3051 illis
399 2989 597 3053 carminibus
621 2988 793 3072 publicatis
818 2988 957 3073 fugeret,
980 2988 1074 3052 facile
1098 2989 1327 3072 intellegimus.

153 3094 323 3157 Praeterea
347 3093 483 3157 Ovidius
507 3097 575 3179 ipse
594 3097 628 3157 in
647 3095 800 3158 Tristium
824 3095 935 3178 elegiis
955 3096 1142 3179 saepissime
1160 3095 1329 3179 profitetur

154 3219 224 3264 sese
246 3218 352 3283 neque
379 3221 473 3284 posse
501 3203 668 3264 nominare
698 3203 817 3265 anticos
848 3221 954 3283 neque
987 3202 1060 3264 illos
1083 3201 1168 3265 velle
1191 3203 1224 3265 id
1248 3203 1328 3284 fieri,

155 3307 244 3369 velut
267 3306 358 3369 Trist.
383 3307 436 3370 lib.
461 3308 491 3368 V
516 3309 594 3391 eleg.
615 3311 634 3370 9
658 3328 739 3372 vers.
766 3311 781 3370 1
808 3326 888 3390 seq.:
1298 3297 1302 3304 ⁴

65 3423 66 3426 ’
313 3412 354 3476 »Ο
379 3420 436 3477 tua
459 3416 485 3476 si
511 3416 632 3478 sineres
656 3415 690 3477 in
713 3415 831 3477 nostris
854 3416 986 3477 nomina
1009 3416 1086 3498 poni

316 3520 529 3602 Carminibus,
552 3522 676 3604 positus
700 3541 796 3603 quarn
819 3521 901 3584 mihi
925 3541 1018 3605 saepe
1041 3522 1154 3585 forest«

155 3634 252 3708 atquo
282 3647 321 3689 ex
348 3646 395 3709 ep.
420 3647 461 3689 ex
492 3627 595 3690 Ponto
626 3627 692 3708 III,
724 3630 743 3690 6
774 3629 998 3712 cognoscimus
1027 3630 1123 3692 etiam
1153 3631 1330 3712 posteriore

156 3738 298 3815 tempore
329 3735 470 3796 amicum
495 3734 666 3816 quendam,
695 3754 769 3796 cum
797 3734 830 3797 id
861 3741 968 3798 tutum
993 3754 1059 3796 non
1084 3755 1153 3799 esse
1177 3736 1330 3818 crederet,

156 3858 275 3902 nomen
300 3859 395 3901 suum
420 3841 454 3901 in
479 3838 586 3902 Ouidii
612 3840 808 3904 carminibus
832 3841 986 3924 appellari
1017 3841 1169 3906 noluisse.
1215 3841 1330 3925 ltaque

156 3951 283 4026 poetam
303 3952 372 4008 tum
393 3946 534 4027 demum,
558 3966 633 4009 cum
656 3946 798 4029 Augusti
816 3948 897 4009 iram
916 3948 1121 4035 imminutam
1146 3969 1215 4012 esse
1239 3949 1331 4013 audi-

230 4121 250 4188 1)
269 4120 300 4174 ld
319 4121 392 4173 enim
410 4121 446 4174 W
458 4121 632 4175 oelfelius
651 4122 679 4174 in
698 4122 808 4190 praefat.
830 4123 863 4176 ad
881 4123 996 4177 version.
1034 4124 1162 4177 Tristiurn
1181 4141 1240 4194 pag.
1263 4129 1331 4178 1835

158 4208 231 4262 dicit.

1156 4309 1167 4355 1
