2962 4762
648 202 846 262 ..4.-

159 377 326 446 consulem
364 378 441 438 anni
466 397 493 458 p.
518 374 589 438 Chr.
614 375 685 457 20¹)
708 376 1037 459 nepotemllessalae
1071 378 1200 440 Corvini
1233 377 1333 440 fuisse
1369 397 1370 400 ¹

159 485 370 566 suspicentur.
418 481 510 557 Quod
540 482 693 546 videntur
716 483 914 547 conclusisse
945 503 985 546 ex
1008 483 1104 547 Tacit.
1128 485 1214 546 Anu.
1238 483 1333 564 XIII,

159 592 210 671 34,
234 589 291 652 ubi
315 596 346 652 et
368 588 410 651 M.
429 588 597 652 Valerium
616 587 828 653 Messalinum
848 591 1014 655 consulem
1039 592 1116 653 anni
1139 610 1168 673 p.
1194 589 1264 654 Chr.
1289 593 1331 653 58

157 696 365 779 pronepotem
389 695 545 758 Messalae
569 695 700 759 Corvini
723 695 823 760 fuisse
847 697 984 760 traditur
1008 703 1039 760 et
1062 698 1217 760 Aurelius
1241 697 1332 760 Cotta

158 803 290 885 quidam
314 808 591 892 commemoratur.
637 801 736 866 Hunc
766 807 874 867 tamen
906 805 1013 887 ipsum
1045 823 1174 886 quoque
1198 804 1331 868 oratoris

158 910 247 972 illius
276 915 492 993 pronepotem*
515 909 615 972 fuisse
647 929 687 973 ex
711 909 767 971 1110
792 909 861 972 1000
886 911 1037 994 colligere
1061 930 1125 973 uon
1151 930 1331 994 possumus,

158 1037 232 1080 nam
269 1036 327 1099 per
373 1016 488 1080 luxum
527 1017 655 1080 avitas
693 1035 768 1099 opes
807 1016 979 1100 dissipasse
1017 1017 1142 1080 dicitur.
1207 1016 1330 1080 Cottam

156 1133 264 1188 autem
291 1122 503 1186 Messalinum
532 1122 636 1186 filium
664 1122 821 1195 Messalae
860 1121 990 1186 Corvini
1028 1124 1130 1187 multo
1171 1125 1331 1186 minorem

151 1231 235 1294 'natu
268 1245 366 1313 quam
398 1228 440 1292 M.
464 1229 632 1293 Valerium
659 1228 871 1293 Messalinum
901 1230 1067 1294 consulem
1098 1233 1174 1294 anni
1203 1251 1228 1292 a.
1259 1229 1329 1292 Chr.

152 1340 175 1400 3
206 1338 306 1400 fuisse
335 1344 466 1400 constat.
517 1335 568 1398 Ex
597 1337 735 1419 epistula
765 1337 852 1399 enim
870 1356 928 1400 ex
956 1337 1058 1400 Ponto
1087 1337 1133 1419 ΙΙ,
1166 1342 1199 1405 3,
1232 1357 1330 1419 (piam

155 1443 265 1507 Cottae
281 1443 424 1506 Maximo
443 1441 683 1527 inscribendam
704 1462 773 1506 esse
796 1443 905 1525 paullo
924 1443 1009 1506 infra
1029 1444 1330 1524 demonstrabimus

112 1598 115 1604 .
155 1571 250 1613 versu
290 1551 331 1613 70
360 1532 446 1632 seipq.
480 1547 633 1613 Ovidium
669 1550 785 1633 viginti
817 1548 884 1613 fere
926 1552 1037 1613 aetatis
1071 1551 1164 1613 aunis
1206 1549 1329 1613 Cottam

154 1676 323 1740 superasse
355 1657 583 1739 intellegimus.
639 1655 728 1732 Quae
764 1677 838 1719 cum
871 1658 916 1720 ita
949 1657 1022 1738 sint,
1056 1658 1081 1718 si
1111 1657 1198 1720 huuc
1222 1658 1329 1720 virum

154 1765 240 1827 cirea
267 1783 390 1843 annum
414 1758 440 1826 a.
470 1762 541 1826 Chr.
566 1764 607 1826 23
632 1769 746 1826 natum
778 1782 846 1826 esse
880 1764 1068 1844 conicimus,
1092 1783 1166 1827 eum
1191 1782 1276 1826 anno
1300 1785 1327 1846 p.

154 1871 226 1933 Chr.
240 1872 439 1935 tricesimum
457 1877 585 1934 sextum
606 1875 636 1932 et
655 1890 680 1932 a.
693 1869 735 1933 20
756 1869 1039 1952 quadragesimum
1059 1890 1181 1932 annum
1192 1907 1233 1914 —
1245 1878 1328 1932 aeta-

154 1985 220 2041 tem
240 1978 427 2041 consulatus
457 1976 634 2060 accipiendi
653 1967 726 2059 lege
744 1977 950 2039 constitutam
976 2013 1015 2022 —
1042 1977 1144 2059 egisse
1164 1977 1328 2060 apparent.

242 2083 291 2148 De
310 2085 485 2168 posteriore
508 2089 616 2146 autem
639 2083 724 2145 vitae
744 2083 813 2164 eius
832 2088 921 2165 parte
941 2085 1156 2166 compcu'mus
1176 2104 1194 2146 a
1211 2082 1328 2164 Tacito,

154 2211 228 2254 euni
252 2193 396 2254 maxima
418 2192 453 2252 in
476 2191 579 2274 gratia.
600 2188 720 2272 Tiberii
744 2188 890 2252 Caesaris
913 2189 1014 2265 fuisse
1038 2196 1069 2253 et
1093 2209 1177 2252 anno
1201 2211 1230 2273 p.
1256 2189 1326 2252 Chr.

153 2303 196 2362 3⁶2
221 2298 406 2363 accusatum
432 2297 470 2360 ab
494 2297 555 2360 hoc
577 2297 771 2379 imperatore
794 2314 851 2379 per
875 2296 1043 2379 epistolam
1064 2296 1233 2359 defensum
1258 2315 1327 2359 esse

152 2406 301 2490 »repetito
330 2406 415 2468 inter
445 2423 479 2466 se
508 2410 604 2486 atque
628 2402 752 2466 Cottam
777 2403 935 2466 amicitiae
960 2404 1118 2486 principio
1142 2402 1327 2484 crebrisque

153 2514 224 2575 eius
248 2512 363 2575 officiis
387 2507 693 2591 commemoratisrss).
1261 2512 1263 2518 ‘

243 2619 349 2681 Mores
373 2618 470 2682 huius
493 2616 555 2678 viri
586 2617 613 2678 si
636 2617 838 2700 respicimus
862 2625 899 2678 ut
922 2618 957 2678 in
980 2615 1093 2697 Pauly.
1119 2617 1283 2699 encyelop.
1307 2617 1326 2677 l.

77 2747 81 2761 ·
153 2726 172 2788 1.
197 2728 233 2788 tit
257 2745 362 2808 neque
387 2717 428 2787 en
451 2724 507 2786 illo
527 2723 629 2786 Persii
654 2722 775 2785 scholio
801 2742 898 2805 supra-
922 2723 1051 2785 laudato
1072 2741 1177 2805 neque
1197 2742 1238 2785 ex
1257 2723 1326 2784 loco

226 2921 246 2988 ¹)
265 2920 347 2973 Tacit.
367 2918 417 2984 ΠΙ,
432 2921 455 2971 2.
478 2921 518 2970 17.
555 2916 667 2970 Henzen
684 2915 810 2984 Inscript.
831 2915 962 2987 7411)(1β.
983 2917 1077 2971 bullet.
1092 2916 1164 2970 arch.
1186 2920 1253 2969 1869
1266 2932 1324 2985 pag.

155 3013 212 3063 12⁶2.
252 3009 279 3062 C.
299 3008 323 3062 J.
343 3007 372 3061 L.
391 3007 412 3060 I.
432 3024 492 3076 pag.
513 3010 573 3060 475.
610 3004 661 3059 Dio
680 3004 734 3058 iud.
754 3003 800 3075 lib.
820 3003 903 3058 LVII.

224 3098 245 3163 ²]
263 3098 402 3150 Habemus
421 3096 506 3166 igitur
524 3096 595 3149 hanc
614 3093 814 3164 genealogiam:

501 3220 538 3273 M.
557 3218 685 3273 Valerius
703 3217 822 3272 Messala
840 3217 972 3272 Coruinus

424 3315 735 3335 μ--ι--ι-ν
740 3308 1054 3334 *—

258 3364 295 3419 n.
314 3335 441 3418 russas
458 3361 624 3416 Massurius
740 3359 1001 3415 naueuusooua
1013 3360 1151 3416 Maximus
1160 3360 1326 3415 Messalinae

151 3469 197 3497 ocis.
217 3460 230 3496 3
249 3431 275 3496 a.
289 3452 339 3494 Chr.
360 3451 471 3501 (Dioiud.
486 3450 534 3493 LV.
558 3450 618 3492 Mon.
641 3451 725 3502 Ancyr.
946 3462 991 3492 «ros.
1007 3455 1068 3504 2011.
1084 3449 1134 3493 Chr.

151 3526 190 3578 111,
211 3531 236 3569 29
257 3543 281 3548 -
299 3524 322 3566 C.
346 3523 367 3568 J.
392 3522 418 3565 L.
442 3522 487 3564 vol.
512 3521 551 3575 111,
567 3527 587 3563 2.
607 3533 657 3575 pag.
677 3526 724 3573 192,

378 3594 426 3636 rib.
441 3594 470 3647 11,
487 3595 514 3646 5).
544 3593 549 3603 “

447 3647 450 3753 Ι

261 3756 299 3811 M.
318 3756 446 3810 Valerius
464 3753 629 3808 Messalinus
895 3753 931 3806 M.
951 3753 1079 3807 Aurelius
1098 3752 1175 3807 Cotta

151 3861 196 3888 iuis.
212 3853 238 3890 '20
252 3859 273 3900 p.
289 3846 338 3888 Chr.
355 3844 416 3896 (Tac.
431 3843 471 3896 III,
487 3849 506 3885 2.
523 3843 546 3885 C.
561 3843 582 3885 J.
597 3841 623 3884 Ῑι.
639 3843 657 3894 1,
673 3843 729 3894 lto).
923 3841 1002 3891 {Tacit
1018 3841 1080 3895 XIII,
1094 3843 1139 3893 ³4.)
1190 3892 1193 3897 ⁴

210 4007 246 4061 M.
266 4005 393 4060 Valerius
412 4003 531 4058 Messala
549 4003 681 4057 Corvinus

150 4109 195 4137 ons.
213 4102 236 4140 ot
252 4094 329 4143 [Tacit.
345 4094 408 4147 xm,
423 4099 448 4136 sl
462 4093 520 4134 Acta
534 4092 594 4134 fratr.
609 4091 684 4133 Arval.
700 4091 723 4131 iu

256 4167 280 4209 C.
295 4167 316 4208 1.
331 4165 357 4208 1..
372 4165 413 4218 vi,
429 4170 481 4209 roan
496 4175 541 4217 soq.
557 4160 626 4216 roal).

221 4240 243 4308 u
262 4241 330 4291 nnn.
350 4238 398 4305 vr,
419 4243 442 4290 n
