2962 4762
632 199 850 258 -536-

154 376 305 438 Paullum
326 375 461 438 Fabium
480 375 661 438 Maximum
686 374 725 437 ab
746 373 863 436 ovidio
887 376 991 438 videri
1015 377 1152 437 missum
1171 394 1240 439 esse
1264 378 1329 438 iam

155 504 251 566 supra
275 483 493 566 exposuimus.
550 481 666 544 Tamen
700 501 740 546 ne
769 481 808 544 de
841 481 901 543 hoc
934 484 1113 565 cogitemus
1144 484 1260 562 amica,
1292 502 1329 545 eo

154 591 303 652 ridemur
326 589 484 672 impediri,
508 589 593 670 qaum
613 589 646 648 in
671 592 780 649 nostro
801 589 944 651 carmine
968 590 1075 651 omnia
1096 589 1222 670 desunt,
1246 609 1330 671 quae

155 697 193 758 ad
219 694 391 758 Caesarum
415 694 571 757 familiam
595 695 764 776 pertinent.
816 693 914 757 Putat
942 697 1029 758 enim
1058 701 1152 777 poeta
1179 697 1330 776 amicum,

156 804 211 884 qui
232 810 324 865 antea
342 801 431 864 fideli
451 802 558 863 animo
574 819 681 863 rerum
704 820 836 863 suarum
856 821 968 865 curam
983 803 1184 884 suscepisset,
1205 803 1260 884 qui
1274 823 1330 864 an-

155 917 206 973 tea
228 915 340 993 portus
364 914 395 971 et
419 907 608 990 confugium
633 926 729 969 suum
752 907 875 988 fuisset,
898 910 933 971 in
958 909 1063 971 studio
1088 928 1168 991 erga,
1187 909 1330 971 sodalem

153 1017 251 1080 rebus
274 1017 417 1079 adversis
448 1013 605 1077 afflictum
630 1013 819 1095 elanguisse.
873 1013 1049 1077 Maximam
1072 1021 1180 1078 autem
1204 1022 1236 1078 et
1257 1036 1330 1098 gra-

156 1125 319 1186 vissimam
354 1122 513 1184 malorum
547 1119 680 1193 turbam¹
708 1119 839 1183 exulem
873 1140 907 1184 se
940 1123 1148 1185 circumstare
1181 1141 1330 1204 querens,

155 1231 233 1312 petit
257 1229 296 1291 ab
327 1229 400 1306 illo,
432 1234 469 1291 ut
499 1231 680 1309 compescat
708 1227 950 1309 intempestivos
974 1235 1116 1292 tumores
1140 1235 1236 1310 atque
1259 1249 1330 1312 per-

155 1338 246 1399 sistat
270 1338 302 1397 in
327 1336 391 1398 lide
415 1355 491 1418 erga
513 1333 677 1403 infelicem
701 1334 841 1395 amicum
865 1354 895 1394 v.
920 1337 962 1396 45
988 1354 1068 1417 seq:

359 1442 622 1523 »Intempestivos
645 1441 745 1523 igitur
769 1459 936 1522 compesce
960 1447 1110 1522 tumores,

360 1549 443 1611 Vela
465 1566 572 1629 neque
595 1547 629 1608 in
653 1546 759 1609 medio
784 1547 895 1610 desere
918 1554 1027 1638 nostra
1049 1550 1152 1611 mari«

155 1657 230 1720 dam
253 1662 453 1719 transeamus
477 1655 517 1716 ad
540 1653 653 1715 Trist.
677 1653 773 1736 eleg.
797 1653 836 1734 V,
863 1656 919 1717 13.
965 1654 1088 1717 lterum
1107 1661 1213 1718 autem
1237 1663 1331 1738 poeta

158 1765 297 1826 amicum
322 1764 492 1844 vituperat,
517 1761 602 1842 quod
628 1766 693 1823 tam
716 1779 787 1822 raro
812 1761 852 1822 ad
877 1780 910 1823 se
934 1761 1089 1844 epistulas
1112 1763 1235 1824 mittat:

316 1869 428 1944 »Quod
454 1874 509 1930 tua
531 1886 584 1929 me
606 1886 677 1928 raro
702 1866 823 1928 solatur
847 1869 993 1950 epistula,
1016 1887 1140 1950 peccas

315 1976 460 2058 itemque
483 1975 569 2057 piam
593 1980 744 2056 praestas,
768 1980 800 2036 et
823 1974 900 2036 mihi
924 1974 1023 2037 verba
1048 1995 1153 2057 negas.

316 2081 396 2162 Hoc,
419 2101 540 2165 precor,
564 2080 739 2142 emendat«
785 2127 1168 2142 ........

315 2187 371 2250 »Di
395 2189 522 2268 faciant,
545 2192 583 2248 ut
606 2187 647 2248 sit
670 2188 840 2249 temeraria
863 2193 972 2250 nostra
996 2189 1147 2269 querella,

316 2295 423 2378 Teque
446 2300 557 2378 putem
580 2293 660 2356 falso
684 2313 750 2355 non
773 2295 960 2356 meminisse
983 2295 1081 2356 nteit«

157 2404 273 2486 Neque
310 2409 417 2465 tamen
451 2420 595 2482 unquam
629 2400 758 2462 credere
793 2407 896 2482 potest
935 2402 1074 2462 amicum
1109 2402 1331 2464 immemorem

157 2531 227 2574 esse
249 2510 388 2573 infelicis
413 2507 538 2571 sodalis.
584 2507 699 2588 Itaque
723 2526 796 2569 eum
822 2507 1018 2588 adhortatur,
1040 2513 1079 2569 ut
1101 2509 1229 2590 saepius
1253 2509 1331 2579 scri-

160 2619 264 2681 bendo
290 2616 398 2679 Ovidii
423 2635 533 2678 curam
558 2613 712 2676 dissolvat
736 2617 767 2675 et
790 2632 825 2676 se
849 2613 971 2694 eodem,
1004 2634 1067 2695 quo
1092 2620 1200 2694 antea,
1224 2634 1332 2677 amore

157 2727 297 2787 amicum
322 2723 491 2805 complecti
515 2722 719 2784 demonstret.

247 2830 357 2906 Quid?
381 2831 443 2892 ista
461 2829 603 2891 carmina
621 2846 729 2889 nonne
751 2826 882 2888 vinculo
907 2828 1046 2908 quodam
1065 2829 1148 2890 inter
1167 2848 1201 2890 se
1219 2828 1332 2891 viden-

157 2944 211 2998 tur
234 2956 303 2999 esse
327 2937 473 2999 conexa?
497 2934 643 2996 Fortasse
667 2932 875 3015 cogitandum
895 2938 943 2995 est
962 2935 1111 3012 amicum,
1136 2953 1332 3016 quamquam

159 3043 294 3104 Ovidius
318 3061 409 3123 eum,
447 3047 484 3104 ut
513 3041 553 3103 ad
591 3059 625 3103 se
656 3039 821 3119 scriberet,
856 3040 984 3121 saepius
1018 3040 1204 3103 adhortatus
1240 3046 1332 3120 esset,

157 3155 265 3211 tamen
294 3155 380 3228 tum,
409 3168 483 3210 cum
507 3147 562 3210 ille
590 3147 669 3229 eleg.
689 3146 728 3225 V,
753 3149 772 3209 6
793 3151 1014 3229 componeret,
1044 3129 1189 3209 nondum
1216 3147 1332 3209 volun·

158 3257 215 3318 tati
244 3256 313 3317 eins
344 3253 544 3316 satisfecisse.
599 3252 690 3328 Quod
724 3254 750 3316 si
774 3253 961 3335 proba-mus,
985 3253 1080 3316 facile
1103 3253 1333 3336 intellegimus,

158 3383 216 3424 cur
246 3363 306 3424 hoc
334 3380 463 3423 carmen
502 3361 620 3422 doloris
652 3366 683 3422 et
710 3361 776 3422 irae
809 3366 874 3422 tam
897 3361 939 3422 sit
970 3360 1111 3442 plenum.
1161 3358 1332 3423 Leniorem

158 3476 265 3532 autem
288 3468 561 3550 placidioremque
584 3472 695 3548 poetae
719 3466 864 3528 animum
887 3466 966 3548 eleg.
991 3467 1030 3543 V,
1066 3469 1105 3529 13
1129 3467 1266 3545 indicat,
1290 3484 1332 3527 ex

159 3575 380 3657 (providemus
390 3594 465 3637 eum
484 3574 644 3654 accepisse
664 3572 834 3654 epistulam
854 3572 893 3634 ab
910 3574 1011 3634 amieo
1027 3592 1133 3655 neque
1153 3572 1332 3654 quidquam

159 3682 246 3744 aliud
272 3688 389 3763 optare,
413 3681 475 3742 nisi
502 3686 536 3741 ut
559 3679 676 3741 sodalis
701 3680 828 3761 saepius
852 3680 892 3741 ad
917 3699 951 3741 se
975 3679 1099 3741 scribat.

248 3789 356 3868 Atque
384 3788 416 3847 in
450 3787 500 3848 his
533 3785 683 3847 omnibus
712 3785 824 3868 elegiis
853 3785 945 3847 illrmr
977 3787 1133 3849 instanter
1168 3791 1199 3848 et
1228 3804 1332 3867 paene

159 3895 375 3957 sollicitudine
409 3893 549 3975 quadam
581 3892 713 3954 affectus
747 3891 913 3960 admonet,
945 3898 982 3953 ut
1013 3893 1104 3973 pium
1137 3891 1332 3972 fidelemque

159 4003 253 4064 (etiam
286 4020 360 4083 erga
394 4000 554 4062 infelicem
586 4000 724 4060 amicum
758 4016 792 4061 se
822 3998 973 4080 praebeat
1005 4017 1086 4061 neve
1120 4018 1261 4079 unquam
1297 3998 1332 4059 in

159 4108 263 4170 ot'licio
288 4108 482 4189 languescat.

125 4284 135 4295 ,
155 4248 179 4309 ν,
249 4213 318 4288 Qua
335 4215 367 4275 in
389 4231 423 4275 re
447 4214 524 4274 haec
544 4213 686 4274 carmina
704 4217 767 4273 tam
788 4210 870 4273 bene
894 4213 1100 4275 consentiunt
1119 4232 1192 4273 cum
1212 4212 1332 4294 epistu-
