2962 4762
631 189 844 250 ,30-

148 360 190 441 id,
224 361 310 443 quod
342 362 495 425 Oviditun
528 365 675 447 inprimis
706 365 745 427 ab
775 367 833 427 hor
867 371 974 447 petere
1007 364 1109 426 amico
1134 363 1197 423 iam
1222 379 1319 442 supra

147 467 297 530 vidimus.

237 572 386 656 Denique
418 576 470 656 id,
503 577 589 658 quod
622 575 764 639 Koolrius
798 578 922 656 attulit,
959 587 1024 637 non
1056 576 1144 637 omni
1172 574 1319 650 'veritatis

149 682 253 764 specie
278 701 384 744 carere
413 682 542 744 ridetur
572 682 695 746 verbis:
738 682 835 746 »Pars
865 683 1015 745 desiderii
1045 683 1188 744 maxima
1219 699 1319 763 paene

148 789 226 850 mci«
237 787 259 869 1)
283 787 418 850 Maximi
441 807 560 851 nomen
585 788 767 872 significari.

238 892 327 968 Quae
351 914 425 957 cum
450 896 561 958 omnia·
587 897 706 979 optime
735 896 775 958 ad
799 895 950 958 Paullum
979 895 1115 959 Fabium
1139 893 1320 956 Maximum

150 1000 323 1081 quadrent.
356 1002 486 1064 adducti
520 1021 648 1083 sumna,
680 1009 717 1065 ut
746 1003 804 1065 1100
829 1022 957 1065 carmen
981 1003 1056 1066 lmic
1081 1003 1183 1065 antico
1208 1002 1321 1063 inscri-

149 1106 271 1171 bamus.

238 1213 351 1296 Neque
381 1216 490 1277 minus
520 1222 591 1298 apte
616 1215 747 1279 alteram
772 1210 907 1300 elegiam
938 1217 985 1279 illi
1014 1216 1226 1279 tribuendam·
1250 1234 1320 1278 esse

149 1320 242 1382 nobis
265 1340 454 1402 persuasum
479 1328 535 1402 cst,
557 1321 735 1385 Tristium
759 1323 851 1406 eleg.
875 1323 914 1402 V,
939 1323 1002 1404 22).

239 1426 309 1502 Quo
333 1429 366 1489 in
390 1429 530 1491 carmine
555 1426 690 1492 Ovidius
715 1431 854 1492 autricum
879 1430 1040 1511 quendam
1066 1429 1261 1509 adhortatur,
1284 1435 1320 1491 ut

150 1534 279 1597 tandem
312 1534 484 1616 aliquando
518 1533 700 1598 Caesarem·
716 1555 773 1617 pro
808 1555 841 1598 se
871 1540 969 1618 roget.
1021 1534 1185 1598 Facillime
1213 1542 1320 1597 autem

151 1641 294 1724 intellegi
313 1647 424 1723 potest,
443 1640 579 1704 Fabium
598 1641 779 1704 Maximum
799 1648 928 1724 propter
946 1641 1035 1704 illam
1055 1643 1158 1723 ipsam
1178 1639 1321 1704 Caesaris

150 1748 397 1810 familiaritatem
422 1767 486 1809 non
511 1749 652 1831 potuisse
676 1754 740 1811 tam
760 1755 867 1831 aperte
892 1756 923 1811 et
944 1750 1102 1810 instanter
1128 1747 1166 1810 ab
1187 1741 1321 1829 impera-

151 1861 219 1916 tore
251 1860 362 1936 poetae
386 1855 464 1917 irato
495 1855 622 1916 reniam
652 1874 708 1936 pro
737 1855 857 1918 infelici
888 1856 990 1916 amico
1014 1860 1130 1936 petere.
1176 1853 1322 1916 Fortasse

152 1962 258 2023 statim
280 1960 379 2022 initio
408 1961 550 2043 Augusti
578 1961 659 2022 iram
688 1961 805 2024 frustra
837 1962 938 2023 lenire
969 1969 1102 2023 conatus
1133 1966 1214 2039 erat,
1242 1979 1321 2022 num

151 2057 259 2151 paullo
282 2073 391 2149 postea
415 2069 485 2130 sine
508 2067 576 2128 ulla
600 2066 798 2131 dubitatione
822 2070 938 2131 iterum
961 2088 1018 2150 pro
1043 2067 1139 2130 exule
1159 2067 1322 2148 deprecari

153 2177 182 2237 ei
208 2175 322 2237 licuit?
363 2173 477 2256 ltaque
502 2193 699 2255 quamquam
723 2176 752 2236 oi
776 2194 902 2258 semper
932 2174 992 2236 hoc
1023 2175 1122 2237 fuisse
1150 2175 1184 2234 in
1214 2173 1321 2234 aninlo

153 2288 293 2361 constat,
325 2287 432 2342 tamen
465 2300 539 2343 erun
572 2282 727 2344 voluntati
752 2283 846 2343 amiici
872 2301 1042 2363 nunquam
1065 2281 1208 2363 potuisse
1232 2281 1324 2342 satis·

152 2387 256 2465 facere
280 2405 384 2468 usque
408 2387 447 2449 ad
471 2396 604 2452 mortem
630 2407 721 2450 suam
745 2407 786 2473 er
807 2387 914 2450 Ovidii
938 2389 1039 2470 ipsius
1062 2385 1170 2450 rorbis
1190 2407 1323 2470 cognos-

154 2496 273 2572 cimus,
305 2495 360 2575 qui
390 2494 512 2556 dehoc
543 2496 612 2556 viro
643 2495 678 2555 in
702 2514 749 2577 ep.
780 2514 821 2557 ex
845 2494 947 2557 Ponto
971 2493 1032 2574 IV,
1063 2495 1082 2555 6
1107 2513 1135 2554 v.
1162 2497 1200 2556 11
1227 2494 1322 2556 dicit:

152 2599 295 2663 »Occidis
319 2606 392 2663 ante
416 2620 548 2682 preces«
595 2599 703 2675 Quid?
733 2601 782 2662 his
813 2602 852 2663 de
883 2602 988 2664 causis
1013 2619 1119 2664 nonne
1143 2607 1191 2663 est
1213 2601 1324 2662 verisi-

151 2707 322 2769 millimum
352 2713 492 2788 poetam,
526 2726 600 2769 cnm
631 2708 717 2769 liunc
750 2726 877 2789 qnoque
909 2709 1049 2769 amicum
1072 2716 1135 2769 tam
1160 2712 1323 2789 potentem

153 2820 310 2896 anteaque
334 2820 398 2876 tam
421 2813 523 2875 fidum
547 2813 746 2876 subtraxisse
769 2814 920 2876 »effracto
952 2813 1033 2875 colla
1063 2814 1160 2894 iugo«
1187 2819 1323 2895 putaret,

152 2922 181 2983 ei
196 2921 331 3002 elegiam
349 2921 455 3002 gravis
480 2922 723 3002 vituperationis
740 2936 947 3001 summaeque
964 2919 1202 3003 desperationis,
1221 2922 1324 2982 maxi·

152 3046 221 3089 mae
245 3028 416 3089 anxietatis
450 3032 480 3090 et
508 3027 650 3109 trepidae
682 3029 781 3089 animi
810 3027 986 3089 affectionis
1016 3025 1142 3108 plenam
1174 3028 1323 3109 irrisisse?

224 3329 243 3378 11
265 3345 288 3379 r.
309 3330 350 3379 ¹20.

223 3389 243 3484 ²)
263 3415 419 3469 Locrsius
438 3416 467 3466 in
486 3415 619 3482 prooemio
641 3415 675 3467 ad
694 3415 721 3467 h.
736 3432 757 3467 0.
778 3419 805 3467 et
824 3415 1024 3469 Woelfclius
1043 3415 1091 3469 1.1.
1112 3420 1254 3485 [10111832
1274 3415 1324 3468 1100

152 3522 260 3560 carmon
285 3505 359 3558 111011
386 3504 522 3569 tribuunt,
555 3505 625 3570 quod
657 3505 733 3557 nobis
765 3505 875 3558 ridetur
898 3521 956 3558 esse
984 3505 1073 3558 minus
1100 3504 1255 3558 verisimile.
1292 3503 1325 3556 ln

152 3595 277 3649 omnibus
291 3594 363 3646 enim
383 3592 476 3662 elegiis
497 3593 530 3646 ad
543 3592 619 3646 illam
639 3593 730 3646 missis
750 3593 884 3661 (10111,
904 3600 928 3647 3.
948 3594 995 3659 ir,
1015 3599 1038 3647 3.
1058 3594 1092 3660 i',
1113 3594 1165 3661 11.)
1184 3609 1244 3646 eam
1257 3606 1323 3646 1110-

69 3714 72 3719 ·
152 3699 208 3736 rem
227 3683 361 3736 allocutus
380 3685 422 3736 est
441 3685 469 3734 ct
488 3683 569 3735 verba
589 3678 669 3735 initio
688 3682 755 3750 eleg.
776 3682 808 3746 V,
829 3686 859 3734 ⁵2:

383 3771 486 3838 Ecquid
507 3771 552 3823 ubi
573 3787 587 3823 e
606 3770 691 3824 Ponto
710 3788 779 3824 nova
799 3772 874 3822 vonit
892 3771 1007 3838 epistola
1026 3771 1111 3839 palles

382 3860 415 3912 Et
436 3860 486 3912 tibi
505 3859 622 3912 sollicita
642 3859 758 3912 solvitur
777 3859 824 3912 illa
843 3876 933 3927 manu,

152 3950 204 4002 rel.
226 3967 249 4001 v.
270 3955 315 4003 34:
342 3949 442 4015 »Esset
463 3964 532 4016 aquae
552 3948 640 4016 debet
661 3949 684 4002 si
698 3949 748 4002 tibi
768 3965 833 4002 cura
851 3951 923 4001 mci«
943 3949 1049 4016 aliaque
1068 3949 1169 4016 optimc
1189 3952 1244 4002 tam
1264 3965 1324 4001 caro

152 4039 236 4092 amico
256 4039 372 4092 scribere
392 4038 485 4105 potuit.
518 4037 638 4090 Koohius
651 4038 722 4091 hano
735 4054 841 4105 quoquc
860 4038 926 4107 eleg.
942 4037 1061 4091 Maximo
1074 4038 1208 4104 inscribit
1229 4052 1324 4105 quam-

153 4144 233 4194 quam
252 4144 354 4195 causas,
375 4143 442 4194 quas
462 4127 557 4180 attulit
576 4144 629 4180 non
647 4127 797 4201 probamur.
835 4127 907 4180 Nam
926 4143 959 4178 cx
972 4127 1154 4180 similitudine
1173 4127 1324 4180 sententia·

152 4233 219 4282 rum,
240 4233 308 4284 aquae
328 4218 383 4269 sint
402 4233 540 4284 personae⁷
559 4232 611 4267 non
630 4218 718 4283 potest
737 4216 869 4270 concludi.
