2962 4762
632 245 670 254 -
719 209 762 271 24
809 245 850 253 ..-

150 391 222 467 post
263 385 466 448 considatum
508 386 600 447 annis
638 387 807 468 proconsul
848 386 945 449 Asiae
986 386 1061 465 fuit,
1103 392 1138 448 ut
1169 405 1209 448 ex
1242 386 1326 468 frag-

151 496 259 554 mento
301 491 416 554 decreti
456 491 624 554 cuiusdam
655 493 689 553 in
724 492 878 555 honorem
910 493 1007 556 huius
1035 494 1097 554 riri
1127 493 1166 556 ab
1195 493 1327 555 Asianis

151 597 227 660 facti
249 598 474 680 cognoscimus
482 599 512 677 1).
559 597 698 661 Videtur
721 604 828 662 antem
852 599 987 662 Paullus
1011 597 1130 662 Fabius
1154 599 1327 675 Maximus,

153 723 227 766 cum
252 703 314 766 hoc
336 723 470 767 munere
493 705 528 766 in
552 705 631 767 Asia
653 693 850 788 fungeretur,
875 705 1026 786 effecisse,
1050 711 1085 768 ut
1115 705 1211 769 urbes
1229 706 1328 768 Asiae

154 810 239 873 diem
262 805 402 873 natalem
425 811 566 894 Augusti
590 813 650 874 rite
675 812 979 891 1011111111111111).

144 943 146 948 ·
243 916 412 980 Praeterea
441 920 565 980 numnii
596 918 726 1000 quidam
750 925 826 981 sunt
854 921 985 1000 servati,
1010 939 1148 1002 quorum
1172 921 1206 981 in
1230 921 1328 982 altero

154 1043 196 1086 ex
219 1023 385 1107 Hierapoli
408 1024 568 1106 Phrygiae
592 1025 783 1108 inscriptum
807 1036 868 1088 est:
900 1021 1038 1106 »Φάβιος
1062 1021 1225 1108 Μάξιμος1
1256 1045 1329 1088 cum

154 1129 245 1193 Fabii
270 1130 357 1193 nudo
382 1132 526 1214 capital),
549 1131 583 1192 in
609 1132 707 1194 altero
736 1150 778 1194 ex
805 1132 1005 1196 Hadrumeto
1034 1133 1219 1213 Bycacenes
1249 1132 1330 1196 urbe

155 1237 313 1321 principe:
360 1237 458 1298 »Ara
490 1234 544 1299 m.
579 1237 664 1300 Max.
698 1258 758 1301 cos.
799 1259 916 1302 raocos.
954 1239 1020 1302 Vll
1055 1261 1114 1302 rm.
1161 1239 1329 1321 niniae).

154 1343 281 1407 Nomen
306 1349 415 1406 autem
439 1346 509 1406 eius
532 1345 716 1408 invenimus
746 1349 781 1408 in
804 1353 908 1410 statua
933 1366 1075 1429 quoque,
1107 1366 1189 1428 quae
1216 1346 1331 1409 Paullo

156 1450 330 1513 Maximae
348 1453 466 1533 populo
485 1451 677 1515 Atheniensi
695 1453 878 1516 Athenisin
896 1453 1075 1517 Erechtheo
1096 1461 1163 1517 erat
1181 1455 1283 1537 posita
1292 1455 1330 1531 5l:

151 1551 193 1620 ‘0
214 1559 316 1640 δῆμος
335 1558 484 1621 Παῦλλον
505 1553 625 1637 Φάβιον
640 1554 787 1642 Μάξιμον
808 1555 924 1643 ἀρετῆς
945 1559 1048 1624 ἕνεκεν
1068 1565 1128 1643 τῆς
1148 1559 1192 1635 εἰς
1212 1555 1331 1625 ἑαυτόν.

154 1659 364 1744 Ἀντίγνωτος
388 1663 558 1746 ductuum«

246 1771 314 1834 Vix
338 1778 446 1835 autem
466 1774 637 1854 quisquam
661 1781 730 1837 tum
755 1794 829 1837 cum
848 1775 996 1858 Augusto
1021 1777 1213 1859 imperatore
1232 1775 1333 1837 artius

159 1886 226 1943 erat
250 1881 441 1942 coniunctus
465 1881 614 1960 amicitia,
639 1901 735 1962 quam
759 1880 894 1944 Paullus
912 1881 1032 1945 Fabius
1052 1882 1223 1947 Maximus.
1264 1879 1334 1956 Qua

158 1989 194 2049 in
217 2005 251 2050 re
275 2005 387 2050 onrnes
410 1987 499 2050 illius
523 1968 635 2050 aetatis
659 1986 828 2070 scriptores
859 1990 1064 2052 consentiunt
1087 1989 1178 2052 velut
1201 1986 1334 2063 Quintil.

159 2093 216 2173 VI,
235 2095 264 2173 3,
284 2095 334 2156 52.
359 2092 453 2156 Tacit.
477 2095 562 2157 Arm.
583 2094 608 2174 Ι,
627 2097 656 2156 5.
676 2093 837 2157 Plutarch.
862 2095 901 2157 de
924 2097 1068 2178 garrulit.
1088 2094 1138 2157 XI
1149 2097 1183 2174 ⁰),
1206 2095 1334 2157 Plinius

159 2199 199 2262 H.
223 2198 262 2262 N.
286 2199 360 2279 VH,
383 2202 434 2262 45.
459 2198 529 2274 Quo
553 2201 673 2265 factum
697 2208 754 2276 est,
779 2208 814 2264 ut
836 2202 1034 2285 Augustum,
1058 2222 1133 2265 cum
1152 2201 1335 2264 Planasiam

159 2305 424 2389 proficisceretur,
444 2326 549 2370 comes
568 2328 654 2370 unns
667 2317 916 2391 prosequeretm‘
935 2315 966 2371 et
980 2310 1120 2372 sermoni
1138 2309 1224 2370 inter
1242 2308 1334 2369 illum

161 2419 192 2476 et
203 2413 382 2496 Agrippam
400 2413 592 2476 Postumum
610 2414 718 2478 habito
738 2417 914 2479 interesset.
947 2415 1042 2478 Hanc
1061 2422 1168 2479 autem
1188 2415 1334 2476 intimam

160 2519 411 2582 familiaritatem
444 2540 506 2582 non
541 2521 645 2583 solum
678 2520 903 2586 benevolentia
943 2529 974 2584 et
1005 2521 1109 2602 favor,
1146 2522 1200 2586 sed
1239 2522 1333 2584 etiam

162 2625 300 2689 affinitas
320 2625 430 2699 effecit.
468 2626 560 2689 Uxor
575 2629 661 2690 enim
680 2628 788 2692 Paulli
811 2628 902 2692 Fabii
922 2628 1067 2708 Maximi,
1091 2628 1249 2707 Marcia),
1281 2646 1337 2711 per

236 2911 255 2977 ¹)
276 2909 304 2963 C.
323 2911 347 2962 J.
368 2909 411 2962 Gr.
432 2909 551 2976 101111,
570 2928 630 2980 pag.
652 2915 729 2964 2411.
750 2913 841 2965 accab-

235 2998 255 3065 2)
276 2999 308 3052 cf.
328 2999 533 3052 Boeckhium
552 3000 630 3052 adh.
650 3000 667 3051 l.

235 3088 257 3156 3)
277 3088 347 3140 adid.
367 3086 529 3156 Soguino:
549 3088 655 3144 Selecta
675 3091 839 3144 numismata
858 3092 983 3159 antiqua³
1003 3108 1062 3158 pag.
1082 3095 1124 3143 99.

235 3178 257 3244 ⁴)
270 3177 302 3230 In
315 3177 359 3230 his
372 3178 492 3231 nummis
502 3194 596 3232 revera
605 3179 681 3232 Fabii
693 3179 841 3248 imaginem
852 3180 942 3233 inesse
953 3169 1150 3233 demonstravit
1158 3177 1337 3244 ll'adding-

166 3268 235 3318 ton:
266 3263 405 3335 Melanges
429 3267 462 3318 de
481 3268 694 3337 numismatique
714 3272 743 3321 2Θ
766 3267 835 3322 serie
853 3285 912 3338 pag.
935 3273 992 3323 139.
1031 3268 1071 3320 De
1095 3267 1138 3319 his
1164 3265 1282 3318 nunnnis
1305 3266 1337 3316 ol.

166 3359 304 3424 praeterea
322 3356 464 3409 Eckhel:
484 3356 613 3411 Dochina
631 3373 803 3410 nummorum
822 3361 954 3424 veterum,
973 3357 1025 3410 vol.
1045 3357 1079 3422 t,
1098 3371 1157 3424 pag.
1179 3359 1237 3409 ⁶208.

236 3445 258 3513 ⁵)
277 3447 305 3498 U.
324 3444 348 3498 J.
369 3443 412 3497 Gr.
432 3445 485 3498 vol.
504 3446 526 3513 1,
545 3462 603 3515 pag.
626 3450 702 3499 1911.
721 3448 781 3501 add.
801 3447 875 3501 3701>-

238 3536 258 3601 6)
278 3535 357 3602 Apud
369 3533 549 3588 Plutarchum
567 3552 654 3589 errore
668 3566 701 3574 -
715 3539 763 3590 aut
782 3536 920 3604 scriptoris
933 3536 1019 3603 ipsius
1032 3539 1087 3588 aut.
1107 3536 1139 3586 ut
1151 3532 1335 3599 Waddington

166 3624 183 3677 l.
203 3624 220 3677 l.
240 3639 300 3692 pag.
321 3627 355 3676 99
373 3626 454 3691 putat
471 3623 576 3677 librarii
595 3623 711 3678 alicuius
730 3655 763 3663 -
782 3641 829 3694 pro
848 3622 951 3694 Φάβιος
970 3608 1100 3693 Φούλβιος
1128 3621 1261 3688 scriptum
1288 3621 1337 3672 est.

239 3713 261 3782 τ)
279 3713 328 3766 Est
339 3712 389 3766 1111
400 3712 513 3780 Marcia,
532 3729 612 3781 quarn
624 3713 680 3767 iam
692 3730 773 3782 snpra
785 3715 814 3767 in
826 3715 1001 3782 inscriptione
1009 3712 1057 3767 illa
1070 3711 1169 3780 Cypria
1181 3724 1339 3763 commemo·

81 3806 85 3815 '
168 3809 256 3861 ratam
275 3821 335 3858 esse
353 3803 482 3856 vidimus
520 3802 590 3855 Filia
610 3806 702 3856 autern
721 3806 777 3858 crat
795 3804 824 3857 L.
845 3803 942 3857 Marcii
961 3802 1080 3870 Philippi
1100 3831 1133 3840 —
1153 3798 1202 3852 filii
1221 3796 1340 3868 consulis

168 3895 356 3950 1111119111.
378 3896 410 3946 56
439 3923 473 3930 -
501 3894 529 3945 et
547 3891 626 3945 Atiae
644 3892 766 3959 minoris,
786 3893 884 3947 sororis
906 3893 986 3945 Atiae
1005 3891 1123 3944 maioris
1161 3888 1226 3942 Atia
1248 3889 1340 3940 autem

168 3986 253 4039 maior
281 3983 408 4038 secundis
432 3982 536 4049 nuptiis
562 3997 577 4034 a
595 3981 715 4050 Philippi
737 3984 828 4050 patre,
855 3998 907 4035 cos.
933 3981 997 4036 anni
1022 3998 1044 4034 a.
1065 3980 1125 4033 t'hr.
1145 3983 1188 4043 65Ἰ
1208 3976 1255 4044 qui
1273 3977 1339 4028 item

168 4074 198 4128 L.
211 4073 333 4127 Marcius
346 4073 489 4141 Philippus
509 4071 661 4140 appellatus
675 4073 724 4137 est,
744 4071 773 4122 in
787 4071 989 4125 matrimonium
1002 4072 1060 4123 orat
1073 4070 1163 4133 ducta,
1184 4070 1215 4118 ut
1228 4081 1342 4117 noverca

170 4164 262 4217 mariti
281 4162 378 4217 sororis
397 4178 462 4215 snae
481 4168 509 4216 et
527 4164 668 4230 Angustus
687 4161 828 4230 privignus
854 4161 883 4214 L.
903 4160 999 4214 Marcii
1017 4158 1138 4226 Philippi
1158 4155 1241 4224 patris
1261 4157 1340 4206 esset.

170 4253 213 4322 (cf.
233 4252 328 4306 Annal.
348 4253 435 4306 instit.
456 4253 529 4306 arch.
549 4251 613 4317 XX,
633 4268 690 4321 pag.
705 4253 756 4304 259
771 4278 804 4296 =
821 4249 953 4319 Borghesi
972 4249 1020 4302 11.
1035 4248 1067 4314 V,
1087 4263 1144 4314 pag.
1168 4245 1235 4297 1391.
1265 4242 1343 4294 Errat
