2962 4762
627 193 844 252 ..41.,

258 366 362 442 »Quae
386 371 485 450 prosit
508 370 609 451 pietas
634 370 757 430 utinam
781 368 870 446 mini,
894 368 1000 449 sitque
1025 368 1183 430 malorum

258 473 331 536 Jani
355 475 470 537 modus
495 484 526 538 et
549 494 657 538 sacrae
681 476 789 536 mitior
814 475 858 536 ira
884 475 1006 536 domus.

258 581 300 644 Te
325 602 453 664 quoque
478 584 539 645 iam
565 582 689 664 liquido
713 601 843 664 possum
870 582 979 642 intare
1003 573 1133 662 precari,

259 688 285 750 Ο
309 689 386 750 mihi
413 709 477 751 non
503 688 600 751 dubia
625 689 752 770 c‹.>gnite
776 686 875 750 Brute
901 692 997 749 nota«

242 829 311 906 Qua
335 851 377 893 ex
401 850 435 893 re
459 831 549 892 nullo
574 831 678 900 undo,
703 838 737 892 ut
758 815 902 892 Koehius
926 829 945 890 l.
967 831 985 890 l.
1009 852 1079 913 pag.
1100 833 1119 892 2
1138 832 1223 907 fecit,
1242 832 1324 895 Bru-

152 943 221 1000 tum
258 937 359 1001 fuisse
398 936 541 1000 Caesaris
579 938 872 1000 metuentissinnnn
917 937 1111 1001 concludere
1143 957 1323 1020 possumus.

151 1045 255 1107 lnnno
276 1064 350 1107 rero
361 1044 498 1106 Ovidius
517 1047 585 1128 ipse
603 1041 664 1106 sibi
679 1051 808 1126 propter
827 1045 971 1106 intimam
987 1044 1074 1107 illius
1090 1046 1324 1128 cunrAugusto

151 1150 399 1214 familiaritatem
425 1153 531 1214 onnria
556 1150 733 1213 omittenda
757 1170 841 1229 esse,
875 1169 1090 1232 quaecunque
1120 1154 1261 1215 amioum
1292 1156 1322 1214 in

151 1258 367 1339 suspicionem
384 1264 415 1321 et
430 1258 584 1320 invidiam
598 1257 800 1340 imperatoris
820 1256 979 1320 adducere
998 1264 1137 1340 possent,
1157 1260 1324 1323 intellexit.

152 1363 245 1438 Quod
278 1365 379 1427 multo
411 1364 448 1427 fit
480 1365 703 1443 verisimilius,
737 1365 763 1424 si
791 1362 930 1426 Brutum
964 1365 1103 1427 eundem
1134 1385 1204 1428 esse
1228 1386 1322 1448 quem

151 1470 193 1532 M.
217 1471 354 1533 Junium
379 1471 525 1535 Silanum
550 1471 731 1553 probamus.
778 1469 887 1533 Huius
911 1471 998 1533 enim
1022 1471 1121 1535 frater
1144 1472 1181 1534 D.
1204 1473 1324 1537 ‹ltmius

152 1576 281 1641 Silanus
312 1584 440 1661 propter
471 1579 667 1641 adulterium
698 1597 772 1640 cum
791 1576 880 1639 dulia
902 1578 1041 1660 Augusti
1062 1585 1158 1662 nepte
1177 1583 1326 1643 commis-

152 1685 454 1765 siini‚iirideriost1·o
475 1706 604 1767 quoquc
627 1691 738 1768 poetae
759 1692 825 1746 orta
847 1704 915 1747 esse
936 1685 1064 1747 ridetur
1083 1705 1178 1749 carisa
1200 1688 1326 1766 exilio),

152 1791 312 1874 relegatus
337 1798 384 1854 est
396 1795 428 1873 ⁸2).
476 1791 565 1866 Quae
590 1794 615 1854 si
640 1794 683 1854 ita
708 1800 814 1871 crant,
843 1811 922 1853 num
946 1792 1050 1874 potuit
1074 1792 1113 1855 ab
1139 1795 1198 1856 hoc
1223 1797 1325 1877 amieo

152 1908 260 1961 noster
278 1904 385 1982 petere
409 1899 568 1961 auxilium
589 1894 738 1980 Augusto
758 1899 833 1958 rivo
858 1904 888 1960 et
913 1899 1045 1960 exilium
1072 1920 1167 1963 suum
1193 1902 1326 1983 eiusque

152 2025 281 2068 causam
306 2008 579 2068 commemorare?
1234 1986 1239 1994 ’

241 2111 306 2174 Cur
329 2118 436 2175 autem
460 2114 510 2173 vir
527 2113 583 2175 ille
608 2111 702 2174 Bruti
727 2132 855 2191 nomen,
880 2112 965 2193 quod
986 2132 1060 2173 etim
1080 2112 1231 2177 habuisse
1251 2135 1327 2176 nus-

152 2239 249 2300 quam
273 2218 419 2299 traditur,
443 2220 618 2301 acceperit,
642 2219 736 2280 facile
760 2218 988 2300 intellegimus.
1034 2217 1117 2280 Nam
1143 2225 1178 2282 ut
1202 2223 1327 2284 omitta-

151 2345 223 2387 mus
247 2345 321 2389 eum
345 2345 386 2388 ex
411 2327 524 2388 eadem
547 2334 658 2408 gente,
688 2344 729 2387 ex
754 2324 1045 2407 qualll.Juniu1n
1070 2325 1208 2388 Brutum
1235 2328 1326 2389 illum

93 2407 109 2419 υ
152 2432 284 2494 duxisse
305 2433 469 2514 originem,
494 2433 578 2495 inter
602 2430 711 2494 Ovidii
736 2431 865 2511 amicos,
890 2433 946 2513 qni
971 2431 1103 2514 quidem
1128 2435 1228 2496 artius
1253 2454 1325 2497 cmn

152 2537 323 2601 Caesarum
355 2538 479 2607 familia
508 2541 674 2602 coniuncti
707 2545 815 2615 erant,
848 2539 958 2601 nullus
992 2538 1121 2621 dignior
1153 2546 1237 2621 erat,
1271 2545 1325 2624 qui

151 2650 280 2728 propter
303 2647 421 2707 artium
446 2652 475 2708 et
499 2646 679 2709 litterarum
699 2647 867 2708 scientiam
892 2667 909 2707 a
933 2647 1001 2708 suis
1021 2665 1139 2708 nomen
1159 2647 1247 2709 illius
1267 2650 1326 2710 riri

153 2751 329 2814 doctissimi
354 2760 384 2814 et
408 2772 533 2814 summa
563 2753 744 2815 eruditione
775 2753 909 2834 praediti
942 2755 1117 2835 acciperet,
1148 2774 1245 2836 quarn
1276 2756 1328 2816 liic

151 2860 209 2920 vir.
255 2858 306 2920 En
327 2857 433 2921 Ovidii
458 2862 544 2922 enini
569 2861 670 2942 ipsius
691 2859 889 2922 carminibus
909 2861 1028 2941 optime
1052 2866 1191 2942 apparet,
1216 2864 1325 2943 quanti

104 2950 106 2956 ¹
151 2972 244 3048 poeta
267 2958 376 3029 noster
399 2968 496 3029 huius
528 2968 623 3028 amiel
648 2968 815 3028 scientiam
848 2973 879 3029 et
902 2967 1070 3048 ingenium
1102 2969 1327 3046 aestimaverit,

153 3093 226 3135 cum
260 3074 293 3134 in
317 3073 466 3136 omnibus
492 3074 638 3156 epistulis
664 3092 704 3136 ex
728 3072 831 3135 Ponto
862 3074 901 3134 ad
925 3072 1064 3135 Brutum
1095 3075 1203 3136 missis
1227 3076 1327 3138 multo

153 3179 340 3261 diligentius
364 3181 470 3242 studia
494 3201 553 3242 sna
577 3183 700 3263 poetica
728 3183 863 3262 attingat
887 3200 985 3262 qnam
1009 3182 1042 3241 in
1068 3182 1147 3243 aliis.

241 3285 355 3369 Neque
375 3288 407 3348 id
426 3286 519 3349 nobis
544 3287 673 3349 videtur
698 3307 766 3350 esse
787 3287 1036 3368 neglegendum,
1062 3288 1147 3369 quod
1171 3289 1204 3349 in
1224 3287 1328 3350 tribus
1390 3353 1393 3359 ,

152 3393 313 3476 prioribus
334 3395 544 3477 epistularum
566 3393 665 3473 libris,
684 3414 765 3475 quos
785 3395 886 3456 artius
907 3395 992 3455 inter
1010 3413 1044 3456 se
1064 3395 1234 3457 cohaerere
1254 3414 1329 3456 con-

154 3506 216 3562 stat
243 3508 273 3563 et
303 3503 442 3582 primum
473 3507 503 3563 et
536 3501 684 3562 ultimum
714 3518 842 3562 tamnen
874 3500 914 3561 ad
946 3501 1033 3563 hunc
1063 3501 1151 3563 misit
1180 3503 1328 3563 amicum.

153 3606 190 3670 In
222 3607 277 3668 illo
307 3607 414 3691 aulem
438 3609 481 3691 (Ι,
510 3609 541 3688 1)
566 3607 703 3683 aBruto
728 3608 815 3689 petit,
839 3613 875 3669 ut
899 3606 1053 3669 benevole
1073 3609 1205 3689 recipiat
1225 3608 1330 3670 exulis

154 3714 307 3797 epistulas
339 3721 369 3776 et
402 3715 548 3796 exponit,
580 3715 658 3796 quid
690 3733 811 3775 novum
843 3714 903 3775 hoc-
933 3715 1111 3776 carminum
1142 3733 1245 3796 genus
1269 3714 1328 3776 sibi

154 3821 240 3883 velit.
287 3821 395 3903 Atque
419 3821 557 3902 amplius
581 3822 613 3882 in
640 3840 687 3902 ep.
711 3820 776 3900 ΙΙΙ,
801 3824 820 3883 9
848 3807 888 3882 de
912 3821 1045 3903 poeticis
1077 3821 1192 3882 studiis
1217 3822 1330 3902 agitur.

229 4051 246 4117 ¹)
266 4051 298 4102 cf.
318 4049 448 4102 Masson
468 4049 484 4101 l.
499 4050 516 4100 l.
531 4051 564 4102 ad
578 4067 600 4102 a.
616 4067 641 4101 n.
656 4067 677 4102 c.
698 4049 852 4102 lurnxss.
881 4049 911 4102 E.
926 4050 1048 4117 Appel:
1069 4049 1174 4113 Quibus
1194 4050 1331 4102 decausis
1427 4125 1428 4129 Ἰ

155 4140 271 4191 tlridius
292 4139 325 4192 ab
345 4141 468 4207 Augusto
487 4139 624 4206 relegatus
643 4140 687 4190 sit.
727 4139 798 4191 Diss.
818 4156 876 4207 pag.
900 4143 931 4192 27
952 4141 980 4190 u.
1028 4190 1030 4198 ,

226 4227 247 4295 ²)
267 4228 376 4294 llphcm.
398 4228 480 4296 epigr.
500 4227 517 4279 l.
538 4229 554 4280 1.
575 4244 634 4296 pag.
657 4233 697 4281 st.
