2962 4762
612 197 865 260 .-aa--

165 394 194 456 p.
225 373 294 436 Chr.
324 376 366 438 35
395 375 494 438 fuisse
522 373 730 453 Henzenus1)
764 381 849 437 recte
882 372 1009 434 videtur
1042 391 1083 433 ex
1118 388 1154 432 eo
1183 370 1336 447 conicere,

167 481 253 562 quod
271 482 306 542 in
321 482 399 543 actis
419 483 488 545 eius
503 484 577 545 aum
597 483 700 565 primo
719 481 789 544 loco
805 477 977 560 refertur).
1009 476 1156 539 Mortuus
1171 482 1246 555 erat,
1263 494 1337 537 cum

165 587 285 650 Seneca
309 588 443 671 scripsit.

254 694 274 756 J
277 715 328 756 am
351 715 427 757 vero
451 695 619 759 redeamus
643 695 683 758 ad
706 695 813 757 Paulli
835 692 926 756 Fabii
941 692 1076 756 Maximi
1101 691 1201 753 vitam
1221 689 1337 751 descri-

168 801 313 864 bendam.
360 799 457 864 Hunc
480 803 587 865 virum
612 822 656 865 ca.
682 822 803 864 annum
826 822 856 864 u.
882 821 907 864 c.
933 801 996 862 727
1020 800 1053 861 in
1072 797 1229 879 Hispania
1251 795 1337 876 lega·

165 916 232 969 tum
266 906 409 970 Caesaris
436 907 536 971 fuisse
565 927 606 971 ex
633 910 841 991 inscriptione
869 906 1097 970 Tarraconensi
1125 907 1160 967 in
1190 902 1221 966 C.
1250 901 1279 964 J.
1303 900 1336 963 L.

164 1015 226 1077 vol.
250 1015 275 1095 Ι,
299 1035 328 1076 n.
354 1016 437 1078 2581
462 1016 696 1098 intellegimus:

672 1119 831 1174 CAESARI

590 1208 756 1264 PAULLUS
774 1208 905 1262 FABIUS

661 1297 846 1352 MAXUMUS
964 1294 969 1305 ’

570 1387 615 1441 La
622 1386 734 1441 GATUS
752 1385 936 1441 CAESARIS.

165 1477 247 1540 Nam
277 1479 337 1541 hoc
364 1472 434 1541 loco
463 1478 578 1542 Caesar
605 1479 750 1541 nondum
778 1479 946 1561 Augustus
975 1476 1079 1540 dictura
1108 1481 1162 1538 est.
1213 1473 1337 1538 Deinde

167 1605 240 1646 eum
264 1585 348 1647 inter
372 1605 493 1648 annum
517 1606 548 1648 u.
569 1605 594 1648 o.
620 1588 683 1649 739
709 1592 739 1648 et
763 1605 883 1648 annum
909 1586 971 1647 743
996 1583 1219 1667 proconsulem
1240 1581 1338 1665 Cypri

164 1693 322 1773 praetoria
346 1692 499 1775 dignitate
522 1692 622 1755 fuisse
645 1692 726 1754 vidit
755 1691 945 1755 Boeclrhins.
996 1690 1036 1752 In
1065 1688 1096 1752 C.
1121 1690 1207 1752 enim
1230 1689 1258 1752 J.
1284 1687 1336 1751 Gr.

165 1798 225 1858 vol.
258 1797 307 1878 ΙΙ,
331 1819 400 1881 pag.
432 1801 494 1861 441
530 1819 559 1860 n.
594 1800 680 1862 2629
718 1799 805 1860 huno
847 1799 983 1880 legimus
1016 1797 1160 1859 titulum:
1189 1793 1337 1882 »Μαρκίᾳ

166 1903 323 1968 Φιλίππου
355 1904 511 1989 βυγατρί,
545 1900 666 1991 ἀυεψιᾴ
698 1903 862 1988 Καίσαρος
894 1904 972 1968 ‘bacis
1004 1905 1182 1982 Σεβαστοῦ,
1212 1897 1338 1983 γυναικὶ

166 2006 293 2074 Παύλου
312 2011 432 2092 Φαβίου
447 2008 606 2095 Μαξίμου,
625 2015 797 2095 Σεβαστῆς
813 2006 927 2096 Ποίρου
947 2005 967 2094 ἡ
988 2005 1085 2092 βουλὴ
1104 2006 1161 2074 καί
1180 2004 1194 2071 ὁ
1215 2012 1336 2092 δῆμος<<.

166 2117 313 2201 Paph1m1
359 2127 466 2184 autem
508 2126 719 2204 cognomento
761 2119 902 2202 Augusti
948 2125 1091 2181 ornatam
1138 2136 1207 2180 esse
1253 2136 1337 2180 anno

166 2246 195 2287 u.
220 2246 245 2288 c.
272 2228 335 2290 739
360 2226 488 2290 Cassius
516 2226 577 2290 Dio
606 2227 702 2290 tradit
712 2228 745 2305 ³).
794 2224 882 2300 Quae
911 2245 985 2287 cum
1013 2226 1058 2288 ita
1086 2225 1158 2303 sint
1185 2223 1337 2287 Paullum

165 2331 346 2396 llaximtmi
369 2333 534 2416 probabile
558 2340 605 2397 est
628 2335 713 2396 inter
736 2333 823 2394 hunc
847 2352 968 2395 annum
993 2338 1023 2395 et
1046 2332 1149 2411 illum,
1175 2352 1237 2414 quo
1262 2351 1337 2394 cou-

167 2441 216 2500 sul
239 2440 346 2520 fieret,
375 2441 598 2524 proconsulem
628 2440 725 2524 Cypri
753 2439 867 2519 fuisse,
901 2459 997 2521 quam
1026 2440 1166 2501 insulam
1195 2439 1269 2501 inde
1298 2437 1337 2500 ab

168 2565 251 2608 rinno
282 2567 312 2608 u.
343 2566 367 2608 c.
399 2549 461 2608 732
490 2549 689 2630 provinciam
721 2547 821 2610 fuisse
853 2546 1114 2630 proconsularem
1146 2545 1338 2628 praetoriam

167 2655 330 2732 constat).
391 2653 600 2716 Consulatrmr
629 2660 736 2716 autem
765 2674 848 2716 anno
877 2674 907 2716 u.
937 2673 962 2716 c.
992 2654 1054 2715 743
1085 2671 1158 2714 eum
1188 2652 1337 2735 adeptum

167 2778 236 2821 esse
247 2758 463 2834 cqu.Aelio
473 2759 640 2824 Tuberone
649 2762 760 2823 multis
772 2761 1008 2824 demonstratur
1017 2759 1096 2821 locis
1104 2757 1136 2840 5).
1163 2757 1337 2821 Nonnullis

239 2869 342 2960 1λ-ΙῘΙῙ
350 2870 409 2969 pag.
431 2905 489 2954 rea.

238 2987 253 3055 ²¹
277 2988 294 3042 l.
314 2989 331 3042 l.
351 3005 410 3058 pag.
429 2988 563 3042 XXXVI.

237 3077 247 3107 ³
275 3077 323 3130 lib.
342 3077 411 3145 LIV,
431 3094 488 3146 cap.
509 3081 551 3132 23.

237 3256 258 3323 ὅ)
278 3256 305 3310 C.
325 3256 348 3310 J.
368 3257 398 3310 L.
417 3257 469 3310 vol.
490 3256 503 3308 I
526 3273 552 3310 n.
573 3260 640 3310 799:
669 3256 770 3310 »Paulo
788 3256 871 3309 Fabio
895 3255 926 3320 Q.
945 3255 1023 3308 Aelio
1048 3256 1121 3324 [Thu.
1141 3255 1284 3322 Meliousl«
1309 3256 1337 3307 et

166 3362 190 3396 n.
211 3348 263 3398 800
283 3345 438 3412 (Ritschelii
450 3345 572 3399 Manum.
593 3345 647 3398 tab.
660 3344 724 3412 ΧΠ,
743 3345 796 3413 u.):
815 3344 887 3398 »Cos
906 3343 968 3397 Fab.
991 3344 1062 3398 Mau.
1082 3344 1159 3397 Aelio
1178 3342 1335 3397 Tuberone«.

165 3432 248 3485 Bull.
269 3433 346 3501 Nep.
366 3452 391 3487 n.
412 3450 432 3488 s.
446 3434 493 3501 IV,
509 3439 559 3488 106
571 3459 604 3478 =
614 3432 1011 3487 Willmannsl.l.vol.1n.
1026 3437 1076 3487 ‘206
1091 3433 1188 3486 titulus
1202 3432 1336 3499 sepulcra·

165 3522 214 3574 lis:
233 3521 438 3577 »Chremantine
456 3523 601 3577 Numisiae
620 3523 740 3576 ornatrix
760 3521 843 3576 obieit
861 3522 901 3575 VI
920 3523 997 3575 eidus
1022 3521 1113 3574 Ootob.
1133 3520 1228 3574 Paullo
1253 3521 1337 3575 Fabio

166 3610 285 3665 Maximo
305 3611 335 3676 Q.
355 3612 432 3666 Aelio
451 3629 513 3680 cos,
533 3628 615 3666 ossus
634 3611 756 3665 conlecta
774 3611 876 3665 eisdem
895 3627 948 3665 cos
990 3610 1146 3678 Diaphyrus
1170 3626 1335 3664 conservae«.

166 3700 309 3754 Cassius
327 3700 388 3755 Dio
406 3701 476 3768 HV,
496 3706 542 3755 33:
561 3701 617 3754 »ἐπί
630 3720 658 3767 τε
671 3700 784 3754 Κυίντου
797 3700 888 3753 Αἰλίου
901 3699 945 3754 καὶ
958 3697 1068 3752 Παύλου
1087 3699 1193 3768 Φαβίου
1206 3696 1336 3766 iratos«,

166 3790 377 3858 saepissimeque
395 3791 425 3843 hi
439 3790 563 3844 consules
582 3793 824 3843 commemorantur
833 3789 863 3842 in
875 3789 1026 3842 Frontini
1044 3788 1105 3841 libr.
1120 3788 1152 3840 de
1165 3787 1243 3855 aquis
1261 3788 1336 3841 mbis

166 3877 267 3932 Romae
286 3878 363 3932 velut
382 3895 403 3932 o.
424 3883 458 3932 99
478 3882 505 3931 et
526 3882 603 3933 lom:
633 3877 677 3943 »Q.
697 3879 776 3932 Aelio
788 3878 925 3931 Tuberone
943 3876 1039 3931 Paullo
1057 3877 1336 3930 TabioMaximooos«

166 3970 193 4019 et
212 3967 274 4022 aliis
292 3967 360 4022 locis
372 3967 503 4036 legimns:
522 3966 612 4032 »Quod
632 3966 662 4032 Q.
675 3967 770 4020 Aelius
789 3968 891 4021 Tubero
903 3966 1007 4020 Paulus
1019 3965 1120 4019 Fabius
1133 3966 1270 4019 Maximus
1283 3982 1335 4018 cos,

166 4055 198 4109 V.
218 4056 247 4110 F.
266 4059 318 4111 etc.
339 4058 482 4125 (capitib,
503 4060 562 4122 108,
584 4060 642 4121 125,
663 4056 731 4125 127).
764 4057 791 4110 C.
805 4056 829 4109 J.
844 4056 892 4109 Gr.
912 4073 938 4109 n.
957 4060 1024 4109 3971
1040 4056 1069 4107 in
1082 4055 1208 4109 columna
1221 4055 1336 4122 quadam

166 4145 322 4213 Apolloniae
350 4147 482 4214 scriptum
505 4147 560 4196 est:
591 4145 636 4197 καί
655 4145 741 4211 τρίτου
771 4143 888 4214 Ιίαίλλῳ
908 4145 1004 4215 Φαβίῳ
1032 4143 1147 4214 λίαξίμῳ
1178 4142 1223 4196 καί
1254 4143 1336 4213 Αἰλίῳ

166 4235 314 4304 Τουβέρωνι
332 4233 452 4296 ὑπάτοις,
