2962 4762
644 160 862 220 -44.„

172 338 270 400 libros
295 340 390 400 ctiam
414 343 592 399 crescentes
617 343 664 398 set
687 336 793 409 rudes,
817 355 875 398 nec
899 342 1028 417 propter
1051 334 1190 396 auctoris
1214 332 1348 394 exilium

173 446 318 507 ultimam
343 464 474 507 manum
498 444 536 505 ad
561 462 614 505 eos
638 444 780 524 potuisse
804 442 972 505 accedere:

217 550 312 613 »Non
336 549 701 631 tame11«,inquit,»illa
726 550 789 631 legi
813 554 963 631 poterunt
987 550 1144 632 patienter
1167 547 1216 624 ab,
1229 547 1306 625 ullo,

217 657 346 721 Nesciet
368 658 418 719 his
442 676 600 730 sunnnam
626 656 652 716 si
678 657 751 737 quis
775 655 886 718 abesse
910 675 1060 717 marium«
1083 658 1123 728 (v.
1144 657 1185 717 ‘27
1207 658 1282 735 seq.)

172 765 223 827 vel
248 765 357 846 paullo
382 764 465 826 infra
488 784 516 823 v.
542 764 600 824 30:

408 869 535 933 »Defuit
561 876 591 931 et
615 870 742 951 scriptis
768 869 878 930 ultima
904 869 981 930 lima
1004 869 1111 932 meis«.

173 977 286 1060 Itaque
316 979 469 1039 »reniam
504 996 561 1058 pro
599 976 692 1037 laude
722 977 821 1057 petit«
853 981 894 1056 tr.
926 977 994 1053 30),
1028 982 1122 1056 quam
1157 981 1190 1037 ut
1222 975 1352 1036 facilius

172 1087 329 1167 impetret,
348 1085 403 1146 illa
419 1084 558 1145 carnnina
579 1104 596 1144 a
617 1103 650 1146 se
669 1084 737 1165 ipso
756 1101 821 1144 non
838 1101 907 1143 esse
927 1082 1010 1144 edita
1026 1101 1133 1162 seque,
1152 1083 1179 1143 si
1199 1082 1352 1159 licuisset,

175 1191 419 1254 ernendaturum
443 1191 543 1252 fuisse
567 1208 677 1251 corum
701 1190 779 1250 ritia
804 1188 978 1271 profitetur.

262 1296 314 1359 Er
338 1297 456 1379 quibus
480 1296 704 1378 cognoscimus
729 1296 863 1357 consilio
888 1301 918 1358 et
941 1296 1072 1377 ingenio
1104 1297 1186 1357 hanc
1216 1295 1350 1376 elegiam

174 1405 261 1466 haud
301 1404 489 1466 dissimilem
523 1422 591 1465 esse
624 1402 688 1469 illi,
730 1422 827 1484 quam
868 1422 963 1483 supra
997 1401 1098 1464 Bruto
1136 1400 1351 1464 attribuimus.

174 1510 288 1592 ltaque
311 1530 376 1571 non
400 1510 528 1572 videtur
560 1528 629 1571 csse
660 1510 803 1590 ineptrun
832 1498 892 1570 hoc
924 1528 1053 1590 quoque
1085 1527 1214 1570 carmen
1247 1507 1352 1569 eidem

175 1616 284 1678 (lvidii
308 1618 409 1679 arnico
433 1616 575 1678 inscribi.
623 1614 715 1690 Qriod
739 1635 779 1678 ne
802 1616 973 1681 faciamus.
1007 1635 1071 1676 non
1095 1634 1131 1678 eo
1156 1614 1354 1700 impedimur

176 1723 261 1804 qrrod
292 1724 326 1784 in
363 1723 418 1785 illa
455 1724 556 1806 elegia
585 1722 663 1805 (HI,
700 1725 752 1802 14)
786 1724 903 1784 iterum
939 1721 1237 1803 llletamorphoseon
1272 1740 1352 1802 opus

177 1835 446 1892 cmnmemoratur
471 1836 501 1892 et
525 1829 774 1892 commendatur.
821 1828 894 1890 Illic
914 1829 998 1890 enim
1024 1828 1062 1890 de
1085 1832 1151 1890 tota
1175 1827 1354 1888 carminum

176 1957 308 1998 suorum
333 1936 428 1998 turba
452 1936 588 1997 Ovidius
613 1936 689 1997 dicit
714 1942 744 1997 et
767 1937 879 2017 paneis
911 1933 1059 1997 versibus
1082 1933 1354 2016 Metamorphoses

177 2044 312 2125 attingit.
358 2042 512 2105 Nostrum
539 2048 646 2104 autem
665 2061 793 2104 carmen
818 2048 973 2124 tanquam
991 2041 1219 2123 praefationem
1243 2039 1354 2102 eodem

176 2155 317 2232 tempore
342 2150 492 2232 scriptam
518 2168 581 2231 quo
606 2149 687 2210 illud
712 2168 791 2231 opus
817 2148 856 2210 ab
887 2147 994 2210 Ovidii
1019 2148 1131 2209 amicis
1154 2145 1355 2229 publicatum

177 2258 228 2335 sit,
253 2275 322 2319 esse
346 2275 523 2336 censemus,
548 2275 718 2337 quamque,
741 2256 805 2318 nisi
829 2254 869 2316 iul
892 2274 995 2317 unum
1021 2272 1181 2336 quemque
1204 2253 1354 2315 lectorem

180 2352 249 2425 eant
274 2363 384 2424 referri
416 2361 576 2424 malumus
587 2364 627 2442 1),
656 2369 740 2424 certe
770 2361 871 2423 Bruto
899 2381 964 2423 non
993 2380 1122 2442 prorsus
1150 2361 1257 2441 inepte
1289 2360 1356 2420 ins-

178 2469 346 2531 cribemus.

691 2752 838 2833 Carus.

268 2946 316 3010 De
340 2949 399 3009 hoc
419 2948 522 3029 virol)
546 2927 707 3028 nusquam
728 2948 803 3010 alibi
824 2948 910 3030 apud
929 2953 1052 3010 veteres
1072 2947 1243 3028 scriptores
1264 2945 1356 3027 quid·

181 3075 277 3137 quam
306 3054 461 3116 traditum
494 3074 562 3116 csse
594 3059 731 3134 constat,
759 3056 822 3116 nisi
853 3056 888 3115 in
917 3048 1024 3115 Ovidii
1058 3052 1267 3131 carminibus,
1300 3051 1356 3114 ubi

180 3161 316 3244 epistula
342 3180 382 3222 ex
407 3160 509 3223 Ponto
533 3161 596 3241 IV,
628 3163 667 3222 13
698 3161 737 3223 ad
762 3159 879 3223 Carum
908 3162 1005 3222 missa
1031 3165 1077 3221 est
1101 3160 1188 3222 etin
1214 3157 1356 3220 eiusdem

179 3268 254 3330 libri
279 3269 420 3330 carmine
448 3269 486 3328 16
512 3269 595 3328 inter
618 3277 727 3350 poetas
747 3269 897 3349 aequales
921 3288 938 3329 a
962 3272 1055 3349 poeta
1070 3247 1183 3327 ⁸nostro
1208 3265 1259 3326 1111
1280 3283 1358 3345 quo·

182 3394 244 3456 que
268 3363 571 3436 amicus'laudatur.
618 3374 670 3435 Ex
694 3376 807 3457 primis
831 3374 918 3435 illius
939 3373 1094 3455 epistulae
1118 3370 1265 3433 versibus
1285 3388 1358 3451 cog-

182 3482 345 3543 noscimus
369 3499 443 3542 eum
468 3477 581 3542 01111111
606 3483 746 3543 amicum
769 3500 845 3542 rere
869 3500 979 3543 carum
1003 3498 1037 3541 se
1060 3477 1247 3561 praebuisse
1270 3480 1301 3538 et
1324 3477 1356 3536 in

182 3595 315 3649 numero
340 3586 497 3648 sodalium
528 3607 591 3648 non
623 3587 793 3649 dubiorum
822 3587 929 3648 fuisse.
978 3585 1126 3647 Eundem
1156 3589 1262 3646 autem
1291 3572 1359 3644 car-

256 3763 274 3830 ¹)
294 3762 366 3815 Huic
385 3765 474 3814 tamen
495 3763 645 3815 sententiae
664 3779 815 3831 repugnare
834 3762 944 3813 ridetur
963 3761 1075 3813 initium
1095 3760 1213 3828 elegiae,
1234 3758 1305 3826 quod
1325 3758 1358 3810 ad

184 3856 289 3905 certum
308 3852 444 3918 quendam
463 3851 581 3904 amicum
600 3851 750 3903 verisimile
770 3855 819 3903 ost.
858 3851 972 3903 Nostrae
987 3853 1079 3903 autom
1098 3864 1151 3901 non
1170 3849 1268 3903 obstat,
1288 3846 1360 3913 qnod

184 3959 209 3992 r.
230 3944 263 3992 3?
289 3944 366 4007 poeta
390 3940 564 3993 allocutione:
591 3939 700 3991 »lector«
724 3944 766 3992 cst
790 3956 869 3994 usus,
899 3957 960 3992 uani
985 3940 1110 3991 ridemus
1135 3936 1251 4003 exempli
1277 3951 1360 3988 causa

185 4029 312 4080 (lvidium
332 4029 416 4080 simili
436 4029 513 4080 modo
531 4028 559 4080 in
580 4029 708 4094 epistulis
733 4030 765 4081 ad
785 4029 886 4081 altrices
906 4028 1015 4095 scriptis
1035 4031 1190 4096 Augustum
1215 4041 1274 4078 csse
1294 4023 1360 4077 allo-

184 4125 285 4170 cutum.

257 4206 277 4271 ²)
297 4205 440 4258 Teuffel.
469 4205 500 4258 R.
522 4207 550 4258 L.
572 4206 614 4258 (i.a
634 4210 694 4265 25⁴2,
715 4211 737 4258 Τ.
759 4223 816 4274 pag.
839 4211 897 4258 1338.
