2962 4762
642 183 861 246 „20-

167 361 281 423 ‹letulit
294 358 324 442 ¹).
371 358 539 422 Praeterea
563 362 728 440 concessit
756 370 792 422 ut
816 358 850 435 Q.
875 360 1039 423 Maximus
1072 364 1182 444 paucis
1216 362 1343 443 diebus,

166 475 336 549 postquam
358 466 427 548 ipse
445 466 706 549 triumphaverat,
730 467 928 549 triumphum
952 476 1061 551 ageret
1084 489 1110 531 a.
1131 469 1159 533 d.
1178 469 1236 531 III.
1260 469 1339 532 Idus

167 571 292 637 Octobr.
306 574 339 652 ι3).
384 571 468 634 Huni
493 580 600 635 autent
623 572 729 636 subito
754 573 805 637 die
829 582 971 636 extremo
995 576 1181 639 consulatus
1206 578 1255 639 sui
1285 577 1344 640 de·

165 682 312 742 functum
337 699 405 742 esse
429 686 552 742 constat
562 681 595 755 3).

255 785 325 862 Quo
357 788 427 848 riro
460 788 557 848 tantis
589 786 763 850 virtutibus
798 787 941 869 praedito
979 807 1044 849 non
1086 794 1153 851 erat
1184 789 1338 871 indignus

165 894 252 956 iilius
275 893 396 956 Paulus
420 892 538 956 Fabius
563 893 736 972 Maximus
760 895 815 976 qui
839 913 913 957 cum
938 893 1053 956 Ouidio
1077 895 1234 958 artissimo
1260 916 1342 978 quo-

167 1002 238 1063 dam
262 1001 420 1064 amicitiae
443 1001 573 1063 vinculo
594 1001 784 1062 coniunctus
804 1006 871 1063 erat
897 1007 927 1063 et
950 1001 990 1063 ad
1016 1020 1112 1083 quem
1131 1010 1194 1064 tres
1218 1003 1339 1085 epistu-

165 1108 212 1171 las
236 1129 276 1172 ex
296 1108 397 1171 Ponto
422 1107 446 1175 Ι,
466 1109 494 1169 2.
519 1106 576 1174 Ill.
597 1108 625 1169 3.
648 1104 707 1176 ΙΙΙ,
728 1109 747 1169 8
767 1109 901 1189 scriptas
920 1125 989 1170 esse
1008 1108 1073 1169 iam
1092 1127 1188 1189 supra
1208 1109 1338 1171 demon·

166 1216 344 1277 stravimus.
392 1214 440 1276 Ac
463 1215 602 1296 primunr
628 1213 758 1296 quidem
779 1214 891 1296 paucis
914 1213 1008 1276 nobis
1032 1216 1079 1277 est
1108 1213 1342 1296 disserendum?

166 1340 305 1402 quonam
341 1326 483 1403 tompore
521 1320 576 1383 ille
612 1322 652 1383 sit
689 1328 791 1383 natus.
845 1318 989 1383 Kochius
1018 1321 1103 1382 enim
1131 1321 1149 1382 l.
1175 1322 1193 1383 l.
1221 1343 1291 1405 pag.
1317 1325 1337 1385 4

166 1446 206 1489 ex
230 1426 354 1489 Horatii
381 1427 444 1489 illis
467 1426 584 1495 uerbis.
609 1429 748 1510 quaein
772 1425 958 1489 Carminum
981 1426 1038 1499 IV,
1065 1430 1079 1488 1
1107 1427 1260 1510 legimus:

431 1532 681 1616 »Tempestivius
705 1535 739 1594 in
763 1532 891 1595 domum
946 1532 949 1540 '

434 1640 552 1704 Paulli.
576 1641 745 1722 purpureis
769 1640 834 1702 ales
858 1639 1008 1705 oloribus.

432 1746 650 1810 Comissabere
673 1745 818 1826 Maximi.

432 1853 465 1916 Si
489 1861 609 1916 torrere
632 1854 722 1916 iecur
746 1854 872 1936 quaeris
894 1852 1055 1914 idoneum.

432 1995 578 2079 Namque
603 2003 634 2059 et
657 1996 773 2059 nobilis
797 2003 829 2059 et
852 1995 968 2058 decens

432 2101 473 2165 Et
495 2122 552 2186 pro
576 2103 720 2165 sollicitis
744 2121 809 2164 non
832 2102 948 2164 tacitus
972 2103 1036 2163 reis

432 2208 474 2271 m
497 2218 626 2272 centum
648 2228 728 2292 puer
751 2210 868 2271 artium

432 2315 509 2380 Late
533 2318 624 2399 signa
646 2317 726 2379 feret
749 2315 882 2377 militiae
905 2299 1006 2376 tuae<
1023 2321 1080 2378 etc.

167 2425 358 2488 concludere
376 2444 441 2487 uon
466 2423 590 2486 dubitat
609 2442 683 2485 eum
706 2442 751 2484 ca.
776 2441 896 2484 annum
921 2441 946 2483 a.
967 2420 1037 2482 Chr.
1063 2422 1104 2483 35
1129 2430 1240 2485 natum
1259 2441 1340 2486 esse.

166 2530 249 2594 Nam
271 2530 442 2594 Horatium
472 2531 532 2593 hoc
561 2548 689 2593 carmen
722 2548 766 2590 ca.
791 2547 912 2590 annum
942 2530 982 2589 15
1007 2527 1097 2611 (739)
1122 2529 1341 2611 composuisse

168 2657 208 2700 ex
232 2637 339 2700 verbis
362 2639 467 2701 »circa
490 2638 590 2700 lustra
615 2637 744 2699 decem«
767 2635 843 2698 satis
867 2653 1018 2717 apparere
1027 2633 1060 2717 ⁴).
1114 2632 1207 2709 Quod
1230 2639 1338 2697 autem

239 2798 259 2859 ¹l
287 2799 341 2850 Cur
365 2796 405 2850 Ni
412 2796 558 2864 pperdey
586 2795 619 2848 ad
644 2793 727 2846 Tacit.
756 2794 824 2845 Anu.
852 2791 882 2858 Ι,
911 2797 927 2845 5
949 2792 1090 2859 putaverit
1115 2791 1254 2844 consulem
1273 2792 1337 2844 anni

167 2901 190 2939 a.
210 2886 271 2939 thr.
291 2891 325 2938 4:¹1
344 2902 396 2939 non
409 2901 468 2938 esse
481 2884 597 2937 eundem
617 2883 713 2948 sirum,
732 2883 765 2934 de
784 2896 836 2949 quo
854 2881 945 2934 Cicero
963 2881 992 2933 in
1011 2881 1132 2935 oratione
1151 2880 1179 2932 in
1192 2880 1339 2934 Vatinium

167 2973 262 3027 habita
280 2974 362 3040 dicat,
381 2989 432 3027 non
446 2973 639 3042 intellegimus,
672 2972 702 3024 Id
715 2971 788 3024 enim
799 2969 915 3038 probant
932 2967 1160 3022 Mommsenus
1178 2969 1207 3021 in
1227 2969 1254 3022 G.
1268 2969 1292 3021 J.
1306 2969 1338 3021 L.

166 3062 183 3114 l.
204 3081 236 3127 c..
255 3061 433 3116 Haalthius
452 3063 480 3114 in
494 3061 588 3130 Pauly.
609 3061 745 3129 encyclop.
765 3059 816 3113 vol.
830 3059 877 3125 Vl,
891 3062 955 3111 sect.
977 3061 1002 3124 ⁶2,
1021 3056 1181 3111 Halmius
1199 3057 1229 3110 in
1246 3057 1336 3111 adnot.

167 3153 200 3204 att
220 3154 285 3205 orat.
305 3152 334 3204 in
353 3151 445 3204 Vatin.
466 3167 521 3218 cap.
540 3149 595 3218 xl,
621 3154 671 3218 ⁴28,
698 3148 799 3216 aliique
823 3148 877 3200 viri
896 3147 1056 3201 doctissimi.
1077 3176 1110 3185 -
1135 3147 1175 3199 Ila
1194 3145 1339 3200 consulatu

167 3243 198 3305 tl.
217 3232 295 3293 raba
307 3239 421 3293 Maximi
441 3241 472 3293 ct.
493 3239 579 3292 Suet.
598 3242 672 3292 Caes.
687 3242 736 3292 80:
756 3236 800 3302 »Q
819 3236 941 3290 Maximo
960 3237 1073 3289 suffecto
1093 3234 1255 3288 tiisanrestri
1273 3249 1337 3288 con·

166 3329 225 3382 sule
253 3329 389 3382 theatrum
414 3329 580 3381 introeunte«
598 3332 648 3404 etc.
685 3326 751 3380 Dio
775 3325 875 3389 XInn,
899 3329 941 3379 46.
979 3324 1104 3378 tliccro
1121 3323 1155 3376 ad
1173 3322 1256 3377 famil.
1275 3323 1338 3389 VH,

166 3422 209 3486 30,
231 3424 253 3471 1.
272 3417 358 3470 Plin.
378 3417 411 3470 Η.
432 3417 465 3470 N.
485 3417 546 3483 VH,
567 3423 607 3471 53.

238 3507 259 3573 ²)
277 3507 371 3561 Fasti
391 3507 621 3575 triumphales
645 3507 673 3557 in
692 3508 718 3558 C.
738 3505 761 3557 l.
780 3503 810 3556 L.
836 3503 851 3556 I
873 3518 934 3572 pag.
960 3507 1027 3555 lbi:
1056 3500 1101 3566 etl.
1128 3500 1228 3553 Fabius
1254 3499 1284 3565 Q.
1308 3499 1336 3553 F.

167 3602 197 3662 Q.
211 3595 394 3650 HMatimus
414 3612 466 3649 cos.
487 3612 519 3648 cx
538 3595 669 3664 Hispania
688 3611 729 3649 an.
750 3591 866 3646 Dccnt.
904 3591 952 3644 HI.
981 3591 1047 3643 Idus
1067 3589 1174 3643 Octob«
1198 3589 1230 3642 cf.
1251 3587 1337 3652 Quin-

167 3685 206 3738 til.
225 3685 273 3752 ul,
293 3691 317 3740 3.
337 3690 379 3738 61.
953 3720 957 3729 .

237 3775 258 3842 3)
277 3774 377 3829 Fasti
398 3773 599 3842 Capitolini
619 3775 656 3841 [C.
669 3773 692 3825 l.
706 3771 834 3840 Ilipag.
849 3769 911 3839 440)
925 3770 959 3823 ad
972 3785 995 3822 a.
1010 3772 1070 3822 709.
1097 3766 1160 3820 uia
1175 3767 1215 3819 ad
1233 3763 1335 3818 famil.

106 3861 109 3865 ’
166 3864 182 3916 l.
202 3862 226 3915 l:
254 3864 298 3915 »In
324 3879 418 3931 campo
441 3866 513 3916 carte
536 3879 588 3916 nou
607 3862 697 3928 luisti,
725 3877 787 3914 cum
805 3861 871 3913 hora
889 3858 1009 3913 secunda
1034 3856 1154 3911 comitiis
1173 3852 1340 3923 quaestoriis

165 3953 301 4006 institutis
319 3951 388 4006 sella
406 3951 436 4017 Q.
456 3951 579 4019 Maximi,
606 3968 686 4021 quern
705 3950 747 4003 illi
765 3948 905 4003 consulem
930 3963 989 4002 esse
1008 3945 1148 4009 dicebant,
1174 3943 1263 4011 posita
1285 3943 1336 4007 est,

165 4059 218 4110 quo
237 4044 341 4096 mortus
359 4041 484 4095 nuntiato
503 4041 570 4094 sella
589 4040 682 4095 ablata
700 4043 763 4092 est«
793 4038 899 4092 Plinius
918 4036 952 4090 N.
971 4035 1005 4088 H.
1025 4035 1087 4101 VH,
1108 4037 1155 4088 54:
1174 4032 1217 4097 »th
1236 4030 1339 4083 Fabius

165 4131 302 4184 Maximus
319 4131 347 4182 in
365 4128 507 4183 consulatu
520 4146 569 4183 suo
581 4130 668 4199 pridie
678 4128 784 4182 tlalend.
794 4127 811 4181 J
813 4127 939 4180 anuarias
951 4125 1041 4179 obiit«
1072 4123 1136 4176 Dio
1148 4119 1248 4186 xLffl,
1258 4123 1301 4186 46,
1312 4123 1336 4171 2.

237 4223 258 4288 ⁴)
278 4221 310 4273 cf.
331 4218 432 4272 t‘arol.
452 4218 572 4272 Franki
593 4222 652 4274 last.
672 4219 763 4272 Horat.
783 4232 842 4286 pag.
863 4219 922 4283 207,
942 4214 1175 4268 adannu111739.
