2962 4762
627 229 844 290 -21-

151 403 313 467 Maximus
332 424 440 488 »puer«
460 411 490 468 et
508 405 654 468 »decens«
673 405 858 488 appelletur,
878 412 908 468 et
927 406 1074 468 tirocinia
1090 425 1164 468 eum
1178 408 1322 489 posuisse

150 512 185 572 in
210 512 407 575 orationibus
429 511 612 575 forensibus
635 518 728 595 poeta
752 512 851 581 dicat,
882 532 956 575 eum
984 518 1052 574 tum
1075 513 1191 596 viginti
1223 533 1323 577 anuos

151 624 264 680 natum
286 617 386 682 fuisse
409 617 552 682 Koehius
576 619 704 682 iudicat.
752 618 810 682 Cui
844 618 1020 682 sententiae
1045 625 1079 681 ut
1103 621 1323 691 assentiamur.

151 725 240 787 nullo
264 724 358 788 modo
382 732 485 808 potest
508 725 587 789 fieri.
632 725 715 789 Nam
739 732 775 788 ut
798 727 981 788 omittamus
1006 744 1080 789 eum
1103 727 1218 809 viginti
1247 747 1323 808 qua-

150 835 224 894 tuor
256 851 357 894 annos
386 838 497 895 001010
528 834 586 894 vix
615 835 757 915 potuisse
788 833 852 895 10οι
883 833 1086 895 consulatum
1109 832 1258 915 adipisci,
1282 868 1323 877 -

152 937 238 1019 quod
256 957 340 1002 0000
360 959 390 1001 ιι.
411 958 436 1001 c.
457 941 519 1002 743
539 939 659 1002 laetum
683 958 751 1002 esse
775 940 881 1023 paullo
904 939 988 1001 infra
1011 939 1192 1002 videbimus
1212 975 1253 984 -
1272 941 1323 1002 rel

152 1063 198 1124 00,
223 1046 308 1128 quod
331 1051 423 1129 pater
441 1047 510 1109 eius
535 1066 618 1110 anno
642 1066 672 1109 u.
693 1066 718 1110 c.
740 1047 803 1110 7011
827 1052 973 1109 mortuus
997 1052 1045 1108 est
1069 1046 1204 1128 aliisque
1228 1045 1324 1109 rebus

149 1152 240 1215 velut
264 1172 363 1231 enno,
388 1173 451 1235 quo
475 1154 600 1236 legatus
624 1152 768 1216 Caesaris
791 1154 867 1228 1011,
890 1154 945 1216 1110
969 1153 1127 1216 sententia
1159 1152 1323 1215 refutatur.

151 1257 254 1321 Immo
278 1259 459 1322 Maximum
482 1280 565 1323 anno
590 1282 616 1323 a.
642 1259 712 1323 Chr.
739 1263 779 1322 15
805 1260 1085 1342 quadragesimum
1112 1259 1179 1322 fere
1202 1278 1321 1321 anuum

152 1366 255 1448 egisse
279 1365 371 1428 nobis
396 1374 443 1430 est
462 1368 641 1451 putandum
651 1370 683 1446 1).
731 1366 815 1442 Quid
839 1368 924 1430 enim
949 1367 1041 1449 cogit,
1065 1372 1100 1428 ut
1124 1385 1197 1430 eum
1223 1366 1323 1428 ruulto

151 1473 251 1553 prius,
275 1492 372 1554 quam
396 1476 475 1537 alios
499 1475 649 1556 aequales
667 1475 872 1556 magistratus
896 1473 968 1536 illos
992 1473 1141 1556 adeptum
1166 1490 1236 1535 esse
1252 1491 1325 1534 ceu-

153 1595 293 1646 00000ιο,
326 1581 411 1661 quod
442 1582 497 1643 illo
529 1588 670 1664 tempore
700 1587 755 1643 aut
784 1599 950 1662 nunquam
982 1587 1037 1642 aut
1069 1581 1230 1642 rarissime
1260 1579 1326 1650 100,

154 1688 319 1748 10010011

226 1860 246 1928 ¹)
266 1859 342 1925 Quae
360 1878 403 1914 res
423 1879 475 1915 uon
494 1863 565 1932 fugit
582 1863 723 1932 plerosque
741 1862 849 1916 Horatii
868 1862 993 1920 editores,
1018 1862 1064 1929 001
1084 1862 1154 1913 101οι·
1172 1877 1201 1913 00
1220 1861 1324 1914 dissen-

153 1948 235 2004 tiunt.
255 1952 347 2002 utrum
365 1950 413 2004 illo
432 1950 587 2004 1Ἳο00100ιο
606 1951 664 2006 1000
682 1951 794 2006 Paullus
819 1951 919 2005 Fabius
937 1950 1075 2004 Maximus
1095 1959 1151 2004 000
1168 1951 1231 2003 0001
1255 1967 1281 2003 0.
1301 1967 1323 2003 c.

153 2041 206 2091 743
216 2038 414 2108 intellegendus
427 2041 472 2108 011,
483 2056 575 2120 neone.
600 2041 680 2095 illam
692 2041 854 2095 seutentiam
867 2040 980 2108 probant
992 2039 1162 2093 Nauckius
1175 2041 1203 2092 01
1216 2037 1323 2092 Obba-

154 2126 237 2193 0100,
257 2144 371 2195 quorum
388 2129 433 2183 hio
447 2134 541 2183 censet
553 2130 652 2198 optime
666 2131 785 2199 potuisse
799 2131 833 2184 ab
845 2130 957 2183 Horatio
969 2128 1122 2182 Maximum
1135 2128 1189 2181 dici
1202 2144 1324 2196 puerum,

155 2231 218 2269 cum
237 2217 344 2284 saepius
362 2219 486 2273 homines
500 2222 618 2274 aetatem
631 2220 730 2290 uiginti
749 2236 881 2273 annorum
899 2234 1020 2289 egressos
1038 2233 1134 2286 pueros
1147 2217 1325 2285 appellentur,

155 2304 233 2357 velut
250 2306 321 2373 apud
337 2307 421 2361 Cicer.
444 2310 477 2363 ad
496 2308 630 2377 10011111,
651 2313 684 2363 ’28
703 2309 768 2362 dici:
787 2309 925 2379 »egregius
943 2324 1011 2376 puer
1023 2307 1134 2360 Caesar«
1152 2306 1197 2359 vel
1209 2307 1275 2361 ibid.
1288 2307 1324 2373 X,

156 2397 184 2447 7:
204 2396 249 2446 »01
268 2395 467 2450 adulescentem
491 2398 536 2452 vel
554 2415 668 2467 puerum
690 2399 780 2466 potius
799 2398 940 2452 Caesarem
958 2397 1063 2450 iudices
1088 2400 1188 2449 temere
1215 2397 1325 2450 fecisse«

156 2481 271 2551 aliisque
298 2483 372 2539 locis.
419 2486 471 2540 Per
488 2487 579 2541 iocum
599 2491 690 2542 autem
712 2486 857 2540 Horatium
881 2503 947 2540 voce
972 2502 1074 2553 »puer«
1096 2501 1264 2549 000000οι0,
1293 2488 1324 2537 ut

156 2571 320 2642 significaret
338 2574 465 2629 Paullum
477 2575 628 2629 Maximum
646 2576 764 2629 libenter
775 2592 890 2644 puerum
909 2590 996 2644 agere.
1025 2576 1156 2628 Attamen
1168 2575 1323 2642 01000000-

156 2677 216 2714 mus
229 2663 340 2730 probare
354 2664 465 2718 Obbarii
479 2666 650 2732 sententiam,
671 2665 742 2732 quod
755 2668 821 2731 tum,
841 2681 904 2718 cum
915 2663 1008 2718 Cicero
1021 2663 1152 2731 epistulas
1164 2663 1225 2717 illas
1239 2663 1324 2730 scrip-

156 2750 192 2802 sit
218 2754 298 2819 (anno
323 2769 345 2806 a.
365 2754 426 2807 Chr.
451 2755 509 2824 43),
534 2754 702 2808 Octavianus
728 2770 822 2807 revera
845 2753 900 2822 egit
923 2769 1024 2807 anuum
1048 2753 1210 2806 vicesimum
1233 2752 1325 2819 itaque

156 2841 218 2905 apte
237 2856 303 2906 puer
322 2842 450 2910 appellari
469 2844 565 2912 potuit.
601 2843 745 2897 Praeterea
767 2860 792 2895 r.
812 2847 829 2896 8
848 2842 956 2895 iuvenis
974 2841 1113 2894 Maximus
1131 2841 1243 2894 Horatio
1266 2841 1325 2893 seui

155 2925 196 2979 ita
214 2930 358 2996 opponitur
376 2934 485 3001 totoque
505 2934 621 2986 carmine
640 2931 806 3001 depingitur,
833 2931 928 2998 utqui
957 2930 1050 2983 studia
1072 2930 1216 2983 admodum
1248 2930 1324 2983 iure-

155 3014 223 3069 nilia
241 3023 426 3087 consectetur,
451 3022 544 3074 uthis
562 3022 591 3074 in
613 3021 703 3074 vorbis
727 3021 816 3074 iocum
834 3021 923 3073 inesse
947 3036 997 3073 non
1024 3019 1151 3072 videatur
1168 3019 1324 3072 verisimile.

156 3101 231 3168 Quae
250 3123 312 3160 oum
325 3108 364 3162 ita
384 3110 447 3176 0101,
467 3110 553 3179 magis
572 3110 650 3163 nobis
668 3110 769 3163 arridet
786 3110 822 3164 id.
842 3109 913 3176 quod
932 3108 1080 3162 Orellius
1099 3108 1200 3177 aliique
1218 3110 1325 3175 putant.

120 3250 123 3256 ,
155 3194 295 3248 consulem
309 3199 372 3250 anni
392 3203 443 3253 743
462 3214 514 3251 non
533 3197 638 3252 laudari
657 3199 689 3252 ab
708 3198 828 3252 Horatio.
862 3196 913 3252 Sed
932 3197 1009 3250 illum
1032 3197 1119 3250 filium
1137 3189 1228 3250 Paulli
1247 3195 1324 3249 Fabii

155 3280 269 3336 Maximi
283 3287 401 3341 consulis
414 3287 478 3340 anni
491 3305 516 3341 u.
531 3305 553 3340 c.
568 3288 722 3342 metasse
734 3286 872 3356 probabile
885 3289 927 3340 est
945 3287 1113 3354 eundemque
1126 3285 1224 3349 virum,
1244 3301 1325 3353 000οι

154 3369 334 3426 Fabianum
344 3375 567 3430 Maximum-
581 3394 667 3432 errore
680 3378 709 3429 in
722 3375 817 3444 Pauly.
829 3375 932 3443 oncyol.
941 3375 958 3428 l.
970 3392 992 3428 o.
1006 3374 1193 3442 scriptumest
1210 3374 1324 3428 »Fabius

154 3458 313 3522 Maximus«,
332 3482 394 3518 nam
407 3467 503 3534 optimi
516 3467 622 3520 codices
634 3465 760 3525 11101000,
780 3466 813 3518 dc
826 3481 878 3532 000
891 3464 987 3517 statim
1005 3464 1178 3529 disseremus,
1198 3464 1326 3531 praebent

155 3549 316 3605 »Fabianus«
336 3584 369 3592 —
388 3555 420 3607 de
440 3571 492 3622 000
511 3554 613 3608 Seneca
631 3555 698 3608 dicit
715 3555 745 3607 in
764 3555 887 3608 Oontrov.
906 3553 927 3620 Ι,
949 3557 995 3605 1·2;
1018 3551 1169 3606 »Fabianus
1187 3552 1325 3606 Maximus

155 3639 341 3695 nobilissimus
359 3643 402 3696 vir
413 3644 474 3711 fuit,
494 3644 541 3713 qui
554 3644 658 3712 primus
676 3645 731 3696 foro
744 3643 862 3696 Romano
880 3642 954 3695 hune
966 3641 1104 3695 vomicum
1122 3641 1253 3708 morbum,
1273 3657 1325 3707 000

155 3745 226 3782 nune
245 3729 357 3798 laborat,
376 3732 479 3800 intulit
493 3735 526 3787 (10
539 3750 591 3802 000
604 3732 721 3786 Severus
734 3732 852 3798 0000100,
872 3734 1018 3799 antequam
1037 3730 1130 3784 abillo
1149 3746 1211 3782 reus
1231 3746 1323 3798 agere-

156 3819 207 3889 tur,
227 3819 347 3874 dixerat:
373 3820 472 3886 »Quasi
491 3823 609 3876 disertus
628 3838 665 3888 es,
685 3821 764 3890 quasi
782 3821 914 3874 formosus
933 3836 971 3887 00,
991 3821 1069 3887 00001
1088 3820 1165 3871 dives
1184 3835 1220 3885 00,
1240 3834 1325 3870 unum

155 3910 261 3962 tantum
279 3927 332 3964 000
349 3927 378 3964 00
397 3913 484 3979 00001,
503 3927 611 3980 vappa«.
649 3911 718 3965 Sanc
738 3926 782 3976 ea,
802 3926 871 3978 quae
890 3908 992 3963 Seneca
1010 3910 1043 3961 de
1057 3908 1212 3974 nobilitate,
1232 3908 1324 3960 forma.

155 3997 267 4066 divitiis,
287 4000 450 4069 eloquentia,
469 4001 655 4069 voluptatibus
674 4001 745 4053 dixit
764 4016 827 4053 cum
845 3998 1004 4052 Horatianis
1023 3998 1143 4066 apprime
1163 3997 1323 4050 eonoinuut:

155 4088 278 4142 Cassium
298 4094 388 4143 antem
409 4107 482 4144 more
500 4106 549 4143 suo
569 4091 661 4158 iniquo
680 4091 712 4142 de
732 4088 885 4143 adversario
904 4087 1054 4151 iudicasse,
1080 4086 1224 4140 Horatium
1243 4086 1323 4138 bene-

155 4177 214 4231 vole
233 4180 265 4233 de
284 4180 383 4234 studiis
403 4184 430 4233 et
449 4179 590 4248 splendida
608 4179 667 4232 vita
676 4179 786 4248 juvenis
805 4176 939 4246 ingeniosi
957 4175 1079 4229 loentum
1093 4190 1151 4227 esse
1170 4172 1248 4227 100110
1261 4189 1324 4225 000-

156 4269 287 4323 cedemus
326 4269 421 4336 Fuisse
439 4269 523 4338 igitur
540 4267 634 4321 Paullo
651 4267 734 4321 Fabio
751 4266 872 4320 Maximo
892 4265 958 4318 duos
976 4264 1045 4318 filios
1064 4263 1158 4317 statim
1177 4262 1324 4330 apparebit.
