2962 4762
623 207 842 266 ,111-

150 387 248 468 spirat
276 403 424 466 magnam
456 385 605 466 gratiam,
637 403 732 465 quam
765 401 926 464 nusquam
953 384 1014 445 nisi
1046 385 1081 445 iu
1112 383 1258 465 epistulis
1282 381 1322 443 ad

150 492 341 575 Pompeirmr
358 499 424 552 tam
442 491 596 575 impensis
614 488 766 552 laudibus
785 492 979 554 cumulatam
998 490 1164 573 profitetur
1179 487 1323 551 Ovidius,

153 599 219 660 Vix
249 600 335 661 enim
363 598 492 661 retineri
521 601 633 679 potest,
664 598 744 678 quin
766 599 880 660 merita
902 599 997 661 amici
1019 598 1077 660 toti
1101 595 1174 660 urbi
1198 596 1325 658 nuntiet

153 715 184 767 et
213 725 328 767 nomen
358 705 427 767 eius
459 705 494 767 in
526 703 722 766 carminibus
746 705 813 766 suis
836 705 984 787 proferat,
1008 710 1043 767 ut
1066 710 1098 767 et
1121 703 1270 785 aequales
1294 707 1326 764 et

153 814 271 894 posteri
295 813 405 874 mitem
424 812 518 874 aniiei
545 811 689 872 animum
708 817 739 873 et
756 812 907 894 pietatem
925 831 1075 895 magnam
1096 808 1325 894 cognoscantll.

155 916 280 993 Quanto
313 927 420 981 autem
448 917 580 980 affectus
609 923 657 980 est
686 918 804 1000 gaudio
835 923 928 1001 poeta
951 923 1067 998 noster,
1099 937 1174 980 eum
1197 915 1327 979 tandem

155 1026 284 1088 ironrina
315 1024 447 1107 Pompei
480 1025 515 1086 in
547 1024 684 1106 epistula
724 1026 827 1106 prima
859 1025 899 1088 ad
931 1026 1023 1088 illum
1059 1025 1178 1106 scripta
1209 1040 1327 1106 ponere

156 1132 266 1195 liceat!
314 1132 506 1214 Saepissime
536 1149 570 1194 se
597 1129 658 1192 sibi
682 1131 788 1193 visum
812 1150 881 1195 esse
904 1133 1040 1215 impium
1068 1131 1217 1212 declarat,
1241 1130 1327 1213 quod

156 1238 301 1300 nondum
323 1237 357 1299 id
379 1237 491 1301 t'eoerit
513 1236 745 1320 profiteturque
767 1259 796 1300 r.
825 1242 862 1301 11
888 1258 971 1321 seq:

316 1342 357 1406 »Ο
383 1345 531 1426 quotiens
556 1344 610 1407 alii
635 1364 709 1407 aum
731 1346 848 1408 vellem
872 1345 1019 1426 scribere,
1042 1364 1160 1409 nomen

316 1449 451 1514 Rettulit
473 1452 508 1512 in
525 1439 621 1514 'ceras
645 1453 747 1515 iusoia
771 1452 884 1515 dextra
907 1459 1021 1516 tuum«.

158 1557 271 1641 Neque
303 1577 448 1640 unquam
481 1576 514 1620 se
548 1558 642 1620 amici
676 1557 851 1621 oblitrnum
884 1578 961 1641 esse,
995 1561 1051 1623 sed
1092 1579 1218 1643 semper
1257 1561 1332 1621 riva

158 1665 312 1728 memoria
344 1665 555 1748 repetiturum
587 1665 674 1726 illius
702 1684 837 1728 munera
867 1685 1042 1749 omnesque
1065 1667 1233 1730 audituros
1257 1663 1332 1728 Ovi-

160 1772 250 1834 dium
276 1789 345 1834 esse
364 1770 496 1854 Pompei
516 1772 747 1834 amicissimum
775 1771 834 1855 (ep.
855 1791 896 1835 ex
915 1771 1005 1835 Pont.
1025 1772 1082 1854 Ν,
1109 1777 1157 1854 15,
1182 1775 1224 1837 37
1245 1790 1331 1853 seqq.

159 1876 216 1958 Ν,
239 1879 269 1956 5,
293 1879 335 1940 39
360 1877 467 1960 seqq).
506 1877 547 1940 Et
566 1898 706 1960 quonam
726 1878 820 1941 modo
839 1877 909 1941 fieri
927 1881 1040 1962 potuit,
1064 1881 1144 1963 quin
1163 1881 1191 1942 is
1211 1879 1333 1942 amicus

162 1984 295 2046 summis
319 1989 486 2047 ornaretur
509 1985 669 2066 laudibus
693 1987 785 2048 auius
803 1988 906 2069 gratia
924 2005 989 2048 non
1013 1987 1117 2049 solum
1136 1991 1230 2048 mrtea
1252 2004 1335 2047 uun-

162 2109 259 2172 quam
290 2090 381 2173 pigra
405 2090 526 2171 fuisset,
560 2093 653 2154 euius
686 2111 759 2155 area
791 2112 959 2175 nunquam
1000 2090 1115 2155 Ovidio
1152 2091 1335 2154 »munificas

162 2215 237 2279 opes
276 2205 442 2278 negasset«
483 2198 538 2280 (ex
579 2198 683 2260 Ponto
724 2197 780 2277 Ν,
824 2202 839 2260 1
883 2221 912 2261 v.
954 2200 996 2262 23
1038 2199 1135 2282 seq),
1180 2198 1237 2262 sed
1279 2197 1336 2280 qui

165 2304 259 2366 etiam
283 2303 323 2366 de
346 2305 447 2366 amieo
471 2305 610 2387 relega-to
635 2315 699 2367 tam
722 2304 804 2368 bene
827 2311 1010 2385 mereretur,
1040 2312 1076 2369 ut
1107 2306 1146 2368 de
1169 2324 1206 2369 eo
1230 2309 1336 2388 posset

167 2409 227 2471 diei
251 2409 340 2492 epist.
365 2409 380 2471 l
404 2430 432 2471 v,
458 2412 499 2472 ‘25
524 2429 605 2493 seq:

314 2514 424 2578 »Nune
448 2535 576 2599 quoque
599 2517 647 2580 nil
670 2517 784 2581 subitis
809 2521 976 2583 elementia
998 2520 1109 2582 territa
1131 2518 1205 2581 fatis

316 2623 488 2684 Auxilium
512 2624 596 2687 vitae
619 2624 745 2707 fertque
767 2624 912 2708 feretque
935 2645 1038 2689 meae«

167 2730 218 2792 vel
239 2729 347 2812 paullo
371 2728 455 2792 iufra
477 2749 505 2791 v.
531 2732 572 2792 35
597 2751 678 2814 seq:
931 2727 933 2731 ’

85 2845 89 2848 ·
325 2838 392 2898 »Sia
416 2856 474 2920 ego
499 2857 571 2899 sum
594 2857 701 2900 rerum
723 2857 789 2900 non
812 2839 933 2919 ultima,
957 2838 1062 2920 Sexte,
1085 2847 1214 2900 tuarum

326 2941 520 3027 Tutelaeque
544 2945 630 3008 feror
652 2963 770 3007 munus
794 2963 939 3027 opusque
962 2951 1059 3008 tuae«

257 3048 340 3112 Aliis
371 3051 502 3132 quidem
531 3050 642 3113 anrieis
673 3053 791 3133 gratias
814 3052 889 3134 agit,
918 3052 1003 3134 quod
1027 3058 1113 3133 tum,
1146 3071 1221 3115 eum
1243 3051 1340 3115 rebus

170 3157 312 3220 adversis
342 3155 529 3240 profligatus
560 3165 656 3239 esset,
695 3160 841 3241 quamvis
871 3159 966 3242 pauei
996 3177 1029 3221 se
1053 3178 1119 3222 non
1143 3160 1343 3222 deseruerint

171 3271 202 3327 et
240 3263 476 3327 misericordiae
524 3264 707 3347 dolorisque
756 3265 844 3347 pleni
885 3265 1097 3329 calamitatem
1136 3267 1230 3329 amiei
1271 3286 1342 3349 gra·

172 3372 301 3435 vissime
324 3369 474 3452 tulerint,
507 3372 559 3434 hio
589 3378 697 3434 autem
728 3390 793 3433 non
812 3369 936 3434 'verbis
963 3377 1089 3435 tantum
1119 3391 1153 3435 se
1176 3375 1343 3455 praestitit,

173 3477 229 3542 sed
253 3479 348 3542 etiam
371 3498 405 3540 re
428 3478 557 3540 fidelem
580 3480 735 3560 piumque
759 3476 908 3540 sodalem.

260 3583 405 3648 Eandem
425 3591 532 3647 autem
550 3585 700 3667 pietatem
721 3584 960 3666 maximamque
980 3583 1087 3648 Ovidii
1111 3605 1187 3670 erga
1205 3588 1346 3650 amicum

173 3694 308 3776 gratiam
328 3672 481 3754 Tristiunr
501 3708 628 3773 quoque
649 3690 776 3773 elegia
793 3688 819 3770 Ι,
839 3693 859 3753 5
879 3690 1014 3774 spirae),
1034 3712 1130 3774 quarn
1149 3695 1346 3758 simillimam

174 3819 243 3863 esse
261 3819 338 3862 sono
355 3802 386 3860 et
399 3797 507 3860 indole
522 3797 579 3876 1111,
593 3798 631 3859 de
648 3817 711 3878 qua
726 3797 819 3859 modo
835 3797 1078 3880 disputavimus,
1093 3800 1157 3862 iarn
1167 3799 1344 3883 noer-slusa)

248 4065 268 4134 1)
287 4065 366 4119 Trist.
385 4063 420 4130 V,
440 4066 464 4128 9,
486 4066 579 4115 1-10.

247 4154 269 4221 1)
288 4155 320 4207 el.
359 4151 442 4206 Kooh.
463 4167 532 4220 pag„
551 4154 584 4204 27
605 4151 694 4204 adnot.

249 4244 269 4308 ³)
288 4243 317 4294 in
336 4242 400 4295 edit.
420 4240 549 4294 Tristiurn
567 4255 627 4308 pag.
648 4243 708 4294 496.
