2962 4762
624 220 841 280 -ρὸ-

144 399 180 456 ut
204 394 363 456 auxilinm
395 395 507 473 ferret,
530 394 759 478 impellendum
784 395 865 457 nihil
894 395 1059 476 reliquerit
1087 397 1318 476 intemptatum.

51 506 53 512 '
143 500 342 563 Adhortatur
366 507 470 564 autem
492 520 574 567 eum.
597 521 638 564 11
656 521 722 563 vox
745 501 809 582 illa,
839 520 921 583 quae
949 501 1081 583 trepidis
1109 503 1172 563 reis
1195 502 1318 564 auxilio

145 625 213 669 esse
237 607 336 670 soleat
360 608 411 685 (111
431 607 534 670 Ponto
557 607 582 676 Ι,
606 610 626 670 2
650 628 679 669 v.
703 606 902 687 11611111),
925 609 1063 670 amicum
1084 609 1207 671 deserat
1226 609 1319 690 petit-

146 731 260 794 quer.
286 716 327 776 67
352 733 432 796 seq:

304 820 451 903 »Suscipe
474 815 639 884 Romanae¹
659 821 824 900 facundia,
848 820 1004 886 Maxime.
1029 821 1157 904 linguae

305 925 453 990 Difficilis
478 947 592 990 causae
616 929 692 990 mite
714 929 953 1010 patrocinium«

235 1031 349 1096 Ovidio
378 1040 425 1096 est
453 1053 641 1116 persuasmn
672 1033 807 1096 Fabimn
841 1032 1021 1096 Maximum
1049 1054 1123 1097 eum
1151 1054 1233 1113 esse,
1262 1037 1317 1118 qui

146 1137 290 1201 Caesaris
308 1140 388 1202 iram
408 1159 536 1203 movere
555 1141 665 1222 possit,
683 1139 738 1202 1111
759 1140 963 1222 deprecatore
982 1140 1080 1203 saluti
1104 1160 1181 1205 1111
1200 1141 1319 1226 optime

146 1246 329 1309 consultum
353 1248 393 1309 iri
418 1246 507 1331 (ibid.
531 1267 560 1307 v.
587 1249 649 1308 115
674 1245 782 1328 seqq).
830 1245 946 1326 Quare,
970 1252 1128 1328 quantum
1151 1256 1256 1331 potest
1280 1251 1319 1313 de

145 1359 212 1415 arte
236 1355 390 1417 amatoria
414 1373 447 1416 se
474 1359 591 1437 purgat
613 1354 648 1414 in
672 1354 761 1436 epist.
789 1352 849 1432 III,
874 1355 893 1415 3
918 1359 949 1415 11
975 1353 1192 1419 demonstrare
1212 1356 1319 1420 studet

146 1459 268 1522 artibus
287 1459 352 1522 illis
375 1460 503 1523 nullum
523 1462 628 1524 inesse
653 1461 774 1522 crimen
794 1459 866 1542 (Ill,
886 1461 905 1522 3
925 1480 954 1520 r.
975 1462 1014 1521 51
1041 1479 1105 1542 seq.
1125 1480 1153 1522 1.
1171 1463 1213 1525 69
1233 1470 1317 1544 seq).

235 1563 438 1648 Quamquam
472 1572 579 1629 autem
619 1571 708 1629 tanta
740 1585 774 1629 11
811 1584 914 1649 poena
947 1566 1081 1648 dignum
1121 1567 1221 1630 fnisse
1253 1589 1318 1632 non

145 1678 242 1754 negat
253 1674 290 1753 1),
320 1679 425 1736 tamen
451 1673 595 1736 Caesaris
626 1674 708 1736 iram
731 1671 921 1756 placabilem
946 1673 1089 1735 futuram
1113 1693 1219 1756 neque
1243 1695 1318 1738 eum

145 1777 244 1841 Fabio
267 1781 395 1842 veniam
428 1800 484 1863 pro
514 1780 612 1842 exule
640 1780 762 1862 petenti
791 1781 950 1842 iraturum
981 1798 1050 1842 esse
1080 1785 1166 1842 certo
1197 1787 1317 1864 sperat:

358 1886 461 1949 »Pone
484 1892 589 1950 metus
612 1888 721 1970 igitur,
744 1887 891 1948 mitescet
914 1884 1057 1948 Caesaris
1081 1887 1129 1948 ira

280 2010 282 2014 ’
359 1992 400 2055 Et
423 1994 530 2056 veniet
553 1995 643 2056 votis·
660 1992 787 2056 mollior
804 1992 888 2060 ,hora
911 1992 998 2054 tuis«.

234 2096 418 2180 Praeterea,
450 2105 486 2162 ut
514 2099 650 2162 Maximi
684 2101 828 2163 animum
865 2106 1076 2179 commoveat,
1107 2100 1140 2159 in
1172 2100 1319 2182 epistulis

147 2205 187 2267 ad
216 2205 304 2268 huuc
333 2207 440 2270 missis
477 2206 579 2270 multo
611 2207 815 2289 diligentius,
848 2223 944 2287 quam
968 2204 1040 2266 aliis
1063 2206 1098 2267 11
1122 2206 1319 2270 comunibus

147 2310 298 2375 describit
317 2313 409 2394 mala,
434 2333 515 2395 quae
534 2313 598 2376 sibi
616 2314 650 2374 in
670 2312 768 2376 exilio
787 2311 928 2392 ferenda,
947 2301 1098 2393 pericula,
1124 2331 1206 2394 quae
1226 2312 1320 2376 sube-

145 2419 234 2481 unda
253 2421 325 2499 sint,
348 2420 492 2483 locorum
512 2428 543 2482 et
561 2420 730 2482 hominum
754 2418 964 2481 barbarorum
983 2419 1194 2501 asperitatem,
1213 2438 1319 2501 neque

147 2525 322 2608 quidquam
340 2527 426 2589 aliud
442 2526 481 2589 ab
497 2527 599 2589 amico
614 2527 702 2609 petit,
721 2527 785 2588 uisi
804 2532 849 2606 ut,
878 2530 1035 2607 quantum
1058 2527 1168 2608 possit,
1192 2525 1319 2608 efficiat,

145 2637 182 2695 ut
200 2633 270 2695 loco
290 2632 504 2695 commodiore
528 2638 559 2695 et
577 2635 710 2715 propius
734 2632 773 2694 ad
793 2633 928 2713 patriam
948 2651 1040 2694 suam
1058 2633 1119 2694 sito
1139 2651 1208 2694 esse
1227 2633 1316 2695 exuli

145 2738 248 2818 liceat,
272 2739 363 2802 velut
386 2758 433 2823 ep.
458 2758 499 2802 ex
523 2738 615 2801 Pont.
638 2738 664 2819 I,
688 2740 718 2818 2,
741 2758 770 2799 1.
795 2739 837 2799 65
862 2757 933 2819 seq:
1002 2788 1004 2792 .

306 2845 387 2908 »Nec
411 2852 518 2908 tamen
541 2846 678 2907 ulterius
703 2845 879 2927 quidquam
899 2863 1031 2927 sperove
1054 2863 1207 2926 precorve

305 2951 409 3027 Quam
433 2951 516 3014 male
539 2957 662 3014 mutato
686 2970 779 3033 posse
804 2969 911 3013 carere
935 2950 1027 3012 loca«.

233 3059 347 3140 ltaque
377 3061 411 3121 in
443 3059 493 3121 his
523 3059 725 3141 potissimum
757 3057 902 3140 epistulis
934 3057 974 3119 ad
1004 3055 1153 3119 Paullum
1184 3057 1319 3121 Fabium

144 3163 323 3228 Maximum
358 3167 484 3249 scriptis
516 3165 664 3227 ridemus
694 3175 819 3246 poetam
859 3165 966 3225 omnia
998 3166 1203 3246 exposuisse,
1237 3187 1318 3248 quae

146 3271 273 3354 culpam
304 3293 409 3340 suam,
426 3291 582 3335 excusare
613 3280 644 3334 et
669 3270 814 3335 Caesaris
846 3272 989 3333 animum
1021 3290 1149 3334 movere
1179 3280 1317 3355 possent.

143 3375 228 3440 Nam
247 3378 393 3443 dubitare
413 3399 479 3441 111
498 3381 610 3461 potuit,
636 3380 714 3460 quin
736 3378 901 3440 Maximus
920 3378 1074 3461 epistulas
1092 3379 1154 3460 ipsi
1168 3378 1317 3462 Augusto

144 3486 336 3548 recitaturus
362 3491 452 3550 esset.
562 3498 566 3502 ’
916 3503 919 3508 ’

234 3590 322 3667 Quae
347 3612 421 3664 cum
443 3594 489 3656 ita
513 3594 592 3672 sint,
617 3593 728 3654 mirari
751 3611 816 3654 nou
840 3611 1021 3673 possumus,
1046 3590 1132 3673 quod
1156 3592 1220 3653 iam
1244 3598 1317 3655 aute

145 3717 266 3761 annum
290 3720 316 3762 a.
341 3697 412 3761 Chr.
439 3702 479 3762 12
504 3699 661 3762 nonnulla
684 3698 836 3764 Tristium
866 3700 1007 3760 cannino
1036 3698 1076 3760 ad
1100 3697 1188 3760 hunc
1210 3699 1317 3760 riumr

144 3805 242 3867 missa
265 3825 335 3868 esse
358 3806 518 3868 videntur.

232 3912 281 3974 Ac
304 3914 445 3994 primum
465 3913 593 3995 quidem
619 3913 675 3972 vix
696 3910 889 3992 dubitamus
915 3912 994 3992 quiu
1018 3911 1117 3994 eleg.
1146 3910 1205 3990 HI,
1235 3913 1254 3972 6
1283 3914 1315 3993 (7

144 4018 229 4101 apud
252 4017 371 4098 Lcers.)
401 4018 499 4081 Fabio
523 4018 666 4081 Maximo
690 4016 896 4080 inscribenda
920 4019 995 4098 sit.‘·’)

143 4126 356 4134 —.—.——

216 4159 225 4188 ¹
254 4159 303 4217 III,
324 4164 339 4212 3
360 4176 384 4210 v.
406 4162 447 4212 76.

215 4168 236 4316 ll
256 4253 286 4301 ut
300 4217 425 4301 liechius
444 4246 461 4300 1.
481 4246 498 4299 l.
519 4263 577 4315 laag·
597 4246 687 4299 81111
707 4246 876 4312 suspicatur,
896 4246 940 4312 qui
961 4245 1086 4299 Politiani
1106 4247 1269 4300 seutentiam
1288 4247 1317 4297 iu
