2962 4762
629 175 825 237 -3-

228 349 280 412 Ex
309 352 359 414 his
390 359 497 414 autern
529 351 679 414 omnibus
710 352 856 434 epistulis
880 352 1037 432 videmus
1066 372 1164 434 quam
1187 358 1256 415 arta
1279 359 1312 415 01

138 457 232 520 firma
255 458 396 520 amicitia
419 455 555 522 Ovidius
584 477 659 520 cum
686 458 748 520 hoo
776 460 879 521 amico
904 459 1040 541 eiusque
1062 458 1184 521 familia
1208 479 1227 522 a
1250 460 1314 541 pri·

20 574 22 582 '
138 565 201 626 mis
225 565 338 627 aetatis
362 564 560 648 temporibus
583 566 776 628 coniunctus
799 565 905 628 fuerit.
946 566 997 627 Ac
1015 584 1056 628 ne
1079 572 1149 628 tum
1173 565 1313 647 quidem,

139 690 214 732 curn
234 675 327 753 poeta
345 669 443 735 rebus
462 671 605 734 adversis
622 669 761 734 afflictus
776 678 868 753 esset7
887 691 962 735 eum
977 672 1117 734 amicum
1134 672 1314 735 deseruisse
1394 738 1398 745 ,

140 776 197 840 sed
214 776 402 842 fidelitatem
422 779 597 841 maximam
616 776 802 861 praebuisse
822 783 854 841 01
871 780 942 841 miti
961 781 1069 842 animo
1085 777 1314 860 nobilibusque

139 868 284 946 moribus
308 890 458 947 ornatum
481 880 515 946 se
538 885 734 966 praestitisse
759 883 894 947 Ovidius
918 885 1093 968 profitetur.

36 973 38 978 ³
230 988 338 1065 Quid?
363 989 539 1076 maioribus
568 1011 649 1054 num
676 990 829 1054 laudibus
848 991 1003 1055 extollere
1021 997 1145 1075 poterat
1164 993 1314 1067 amioum,

141 1117 238 1179 quam
263 1117 337 1160 cum
362 1098 489 1180 scripsit
512 1116 560 1180 ep.
585 1117 627 1161 ex
649 1097 753 1161 Ponto
777 1097 819 1178 ΙΙ,
843 1100 862 1159 3
887 1118 916 1160 v.
943 1101 959 1161 1
985 1117 1055 1182 seq:

309 1220 474 1303 »Maxima
499 1224 555 1305 qui
579 1222 817 1285 claris.nonren
834 1221 1010 1286 virtutibus
1034 1241 1162 1304 aequas,

309 1327 377 1390 Nec
401 1329 481 1392 sinis
505 1331 675 1413 ingenium
699 1327 866 1392 nobilitate
890 1332 1006 1412 premi«

139 1453 192 1515 vel
216 1470 263 1536 ep.
288 1472 330 1516 ex
353 1451 456 1516 Ponto
481 1453 541 1534 111,
564 1456 584 1516 2
609 1475 637 1515 v.
664 1454 725 1518 103
751 1473 824 1536 seq:

247 1577 365 1659 »Adde
389 1579 476 1660 quod
500 1584 548 1642 est
571 1580 699 1642 animus
722 1597 851 1663 semper
873 1578 932 1641 tibi
956 1559 1051 1642 mitis'
1068 1586 1099 1643 et
1122 1579 1204 1642 altae

248 1683 412 1748 Indicium
435 1704 541 1748 mores
564 1685 741 1748 nobilitatis
765 1684 898 1748 habent«
1010 1694 1013 1699 “

142 1815 173 1872 01
195 1809 304 1893 paullo
327 1809 413 1872 infra
435 1810 471 1871 in
495 1809 641 1874 eiusdem
665 1811 816 1875 carminis
839 1829 921 1873 vers.
949 1811 1010 1874 109
1036 1829 1099 1891 seq.
1125 1809 1247 1873 Cottam
1274 1813 1317 1873 ita

141 1916 331 1998 alloquitur:
388 1907 390 1912 ’

300 2022 421 2107 »Digne
444 2025 495 2085 vir
517 2023 577 2086 hae
601 2024 691 2104 serie,
714 2023 803 2107 lapso
828 2043 1016 2087 succurrere
1040 2025 1144 2086 arnico
1231 2100 1233 2103 .

302 2129 505 2194 Conveniens
528 2131 598 2194 istis
622 2129 766 2193 moribus
790 2149 859 2193 esse
882 2131 995 2213 puta?

230 2323 305 2388 Janr
339 2345 412 2389 vero
443 2326 483 2388 ad
514 2328 735 2409 quaestionem
765 2327 854 2389 illanr
878 2327 1048 2389 veniamus
1078 2331 1110 2388 et
1138 2326 1317 2403 videamus,

142 2451 301 2515 quaenam
324 2431 478 2495 Tristium
502 2433 623 2516 elegiae
652 2439 683 2496 et
707 2432 825 2515 quibus
849 2432 888 2496 de
912 2434 1017 2495 causis
1040 2431 1183 2495 Maximo
1208 2431 1317 2495 Cottae

142 2539 333 2629 tribuendae
357 2541 430 2602 sint.
1319 2621 1322 2626 1

172 2653 175 2658 ’
231 2647 281 2709 Αο
299 2646 441 2728 primum
461 2646 593 2728 quidem
612 2646 778 2730 elegiam
797 2649 817 2709 4
837 2644 932 2708 libri
956 2644 1004 2707 IV
1023 2645 1115 2708 alteri
1130 2644 1319 2722 Messalino-

142 2773 215 2816 rum
238 2751 479 2816 inscribendam
503 2771 572 2824 esse
594 2753 652 2814 vix
676 2754 849 2835 quisquam
872 2751 1012 2836 negabit.

231 2858 377 2922 Eandem
409 2860 496 2923 enim
523 2859 719 2934 facundiam,
747 2879 845 2947 quam
873 2860 1012 2921 amicum
1038 2858 1155 2921 habere
1181 2857 1318 2921 Ovidius

142 2985 224 3030 vers.
249 2969 269 3028 5
294 2968 395 3029 nostri
419 2967 571 3029 carminis
595 2966 645 3028 his
668 2965 775 3029 verbis
800 2965 890 3029 dicit:

294 3089 409 3154 »Cuius
432 3092 468 3153 in
490 3091 621 3174 ingenio
646 3097 694 3153 est
716 3091 838 3173 patriae
861 3089 1016 3153 facundia
1040 3089 1181 3172 linguae,

296 3196 366 3273 Qua
388 3198 477 3281 prior
499 3198 533 3260 in
550 3195 641 3261 Latio
664 3216 731 3260 non
754 3196 816 3260 fuit
839 3195 907 3259 ulla
929 3195 1013 3259 foro«

143 3321 355 3386 Messalinum
380 3328 411 3386 et
434 3320 558 3385 Cottam
582 3342 600 3384 a
622 3327 712 3405 patre
736 3341 804 3402 suo,
829 3327 953 3384 oratore
975 3320 1032 3382 illo
1052 3320 1239 3400 clarissimo,
1263 3321 1318 3402 qui

144 3427 184 3493 ab
209 3427 324 3492 Ovidio
348 3430 417 3512 ipso
440 3426 563 3492 »Latiae
586 3428 739 3492 facundia
761 3428 907 3512 linguae«
930 3429 991 3509 (ep.
1016 3445 1058 3490 en
1080 3424 1116 3488 P.
1139 3425 1182 3508 II,
1211 3429 1240 3506 3,
1266 3425 1320 3495 ibt

144 3534 333 3619 appellatur,
357 3537 449 3618 quasi
475 3535 685 3599 hereditatem
709 3536 871 3618 accepisse
896 3535 1025 3617 saepius
1048 3535 1083 3594 in
1108 3532 1254 3615 epistulis
1279 3551 1320 3595 en

143 3641 247 3706 Ponto
268 3648 545 3705 commemoratur.
582 3641 683 3706 Velut
701 3643 736 3704 in
756 3641 894 3724 epistula
913 3639 952 3703 ad
971 3628 1184 3703 Messalinum
1203 3640 1321 3722 scripta

146 3751 201 3830 (ex
232 3748 336 3813 Ponto
369 3748 411 3830 ΙΙ,
444 3749 517 3811 20.
541 3751 584 3812 49
608 3768 673 3831 seq.
707 3749 755 3812 ed.
788 3745 891 3827 Korn)
924 3747 984 3809 hoc
1018 3746 1057 3810 de
1080 3746 1233 3810 fratribus
1257 3747 1322 3811 illis

144 3855 308 3939 praedicat
330 3861 424 3939 poeta
446 3861 569 3919 noster:

305 3980 410 4044 »Vivit
433 3982 520 4045 enim
543 3982 578 4042 in
600 3979 692 4044 vobis
715 3979 848 4044 facundi
872 3979 985 4061 lingua
1009 3979 1157 4061 parentis,

305 4086 347 4150 Et
370 4107 421 4151 res
444 4087 596 4151 heredem
619 4087 762 4170 repperit
784 4086 840 4148 illa
864 4105 984 4148 sunnia<

146 4201 178 4258 et
200 4193 411 4259 Messalinum
430 4194 538 4276 ipsum
556 4193 705 4257 versibus
724 4191 989 4256 antecedentibus
1013 4194 1057 4254 ita
1081 4197 1129 4254 est
1148 4191 1321 4256 allocutus:
