2962 4762
632 217 850 276 „27-

153 402 183 455 et
202 393 409 474 insequentes
428 411 541 454 versus
561 392 703 454 indicant
723 411 790 454 cam
813 391 931 455 Marcia
958 390 1205 454 familiarissime
1233 410 1324 454 usam

153 517 222 561 esse
263 508 422 581 anteaque
456 498 532 561 111111
563 498 728 578 minores).
794 496 897 573 Quam
921 498 961 561 ad
986 499 1157 561 amicitiam
1182 501 1325 580 spectant

153 605 206 667 illa
233 624 362 687 quoque
385 604 493 684 verba,
518 622 600 686 (pirae
624 602 759 667 Ovidius
784 605 878 667 uxori
903 605 962 687 ipsi
988 604 1098 667 scribit
1109 607 1144 684 '·'):

311 710 448 774 »Cuncta
472 711 767 791 licetfacias‚1risi
792 713 854 774 eris
878 711 1049 774 laudabilis
1074 732 1165 777 imur.

312 817 383 881 Non
407 819 522 900 poterit
546 817 631 880 credi
656 816 775 880 Marcia
799 818 886 882 culta
909 818 1018 900 abac)

241 924 270 987 N
273 944 307 987 ec
336 926 453 986 mirum
486 924 595 1004 illum,
630 925 685 1006 qui
719 930 842 986 tantum
877 926 997 988 valeret
1035 926 1120 1009 apud
1150 925 1324 1005 Caesarem,

153 1052 292 1114 quocrmr
316 1040 381 1093 tam
404 1030 506 1092 firmis
528 1031 668 1093 vinculis
687 1032 947 1113 coniungeretur,
980 1033 1139 1095 auxilium
1163 1031 1224 1094 sibi
1243 1033 1324 1094 latu·

153 1149 224 1201 mm
247 1145 372 1222 poetam
397 1156 548 1221 sperasse.
598 1136 681 1200 Nam
707 1145 826 1220 quamn
854 1139 995 1201 amicitia
1021 1140 1107 1202 inter
1133 1139 1221 1219 illos,
1250 1157 1324 1200 cum

153 1246 288 1309 (lvidius
311 1245 432 1307 Romae
456 1249 547 1323 esset,
570 1242 723 1325 floruerit,
747 1245 902 1327 epistulae
926 1264 966 1307 ex
991 1244 1093 1308 Ponto
1117 1248 1194 1310 satis
1218 1252 1324 1328 aperte

153 1352 333 1415 ostendunt.
381 1350 462 1413 Vide
487 1352 625 1433 exempli
651 1371 747 1415 carisa
772 1371 818 1434 ep.
843 1351 867 1432 Ι,
891 1353 911 1416 2
935 1373 964 1414 v.
992 1355 1053 1416 129
1078 1373 1142 1436 seq.
1167 1353 1215 1416 ed.
1239 1351 1291 1415 K:

314 1458 388 1521 »llle
413 1477 471 1540 ego
497 1477 578 1537 sum,
603 1458 658 1538 qui
683 1463 715 1521 te
738 1459 832 1538 colui,
858 1478 953 1540 quem
976 1460 1055 1522 fosta
1080 1460 1200 1523 solebat

311 1566 401 1627 Inter
424 1565 577 1627 convivas
601 1583 710 1626 mensa
736 1565 846 1628 ridere
869 1572 950 1628 tuos,

311 1672 370 1734 Ille
394 1690 462 1753 ego,
487 1672 542 1752 qui
567 1671 645 1732 drixi
671 1677 794 1733 vestros
817 1670 1028 1751 Hymenaeon
1054 1674 1092 1736 au
1117 1675 1208 1756 ignes

310 1777 351 1840 Et
375 1778 476 1840 cerini
501 1777 605 1840 lausto
629 1779 769 1840 carmina
794 1778 891 1860 digna
914 1785 996 1841 toro«

152 1893 182 1948 et
208 1887 324 1969 scripta
348 1905 407 1947 sua.
429 1885 509 1946 alter
533 1885 623 1946 alteri
644 1882 808 1965 legebam).
851 1886 959 1968 Atque
980 1888 1091 1968 quanti
1110 1896 1202 1969 poeta
1227 1887 1323 1949 huius

152 1994 245 2055 amici
270 2011 374 2054 mores
398 1992 590 2054 aestimaret.
614 2009 692 2051 num
717 1990 847 2072 dignius
871 1997 902 2054 et
926 1993 1063 2075 amplius
1087 2012 1247 2076 exponere
1270 2013 1324 2075 po-

152 2101 222 2169 tnit,
247 2119 343 2182 qnam
367 2096 514 2160 versibus
538 2097 611 2176 illis,
637 2116 717 2178 quos
741 2098 774 2158 in
799 2099 923 2180 epistul.
948 2099 1008 2179 ΙΙΙ,
1032 2102 1050 2159 3
1075 2100 1225 2182 legimus:

280 2205 498 2268 »Conveniens
522 2204 629 2266 animo
652 2221 755 2285 genus
781 2203 919 2284 esttibi,
943 2206 1050 2269 nobile
1074 2226 1213 2289 namque

280 2312 397 2376 Pectus
421 2317 452 2373 et
474 2309 654 2372 Herculeae
679 2310 892 2391 simplicitatis
915 2312 1021 2376 habes.
1106 2384 1107 2388 ¹

279 2418 385 2497 Livor,
408 2419 493 2480 iners
517 2417 642 2495 vitium,
665 2435 769 2478 mores
794 2437 857 2480 non
882 2420 950 2481 exit
972 2421 1004 2481 in
1031 2420 1120 2499 altos,

280 2526 388 2608 thue
412 2525 513 2587 latens
538 2525 601 2585 ima
624 2524 734 2606 vipera
758 2526 856 2607 serpit
880 2525 985 2590 11111110.

279 2633 370 2695 llens
393 2638 448 2694 tua
473 2629 620 2692 sublimis
644 2649 738 2711 supra
763 2649 867 2712 genus
891 2634 1009 2696 eminet
1032 2635 1146 2716 ipsum.

279 2739 440 2802 Gramlius
463 2737 592 2818 ingenio
618 2754 675 2798 nec
699 2735 757 2798 tibi
782 2756 897 2800 nomen
923 2740 1040 2802 inesto?

151 2846 239 2922 Quae
272 2866 345 2908 cum
375 2846 419 2907 ita
453 2844 525 2922 sint,
548 2842 701 2904 facillime
732 2849 834 2924 potest
863 2845 1015 2928 intellegi,
1043 2867 1101 2909 cur
1125 2846 1259 2910 Ovidius
1283 2849 1323 2910 ad

149 2954 235 3016 hunc
272 2955 397 3028 11111111,
435 2968 530 3032 quem
566 2955 695 3031 propter
730 2950 856 3032 culpam
894 2953 928 3013 in
962 2951 1132 3016 Caesarum
1170 2954 1323 3017 familiam

150 3061 348 3122 cunrmissam
380 3060 494 3120 iratum
519 3054 579 3117 sibi
605 3073 674 3117 esse
696 3057 867 3136 1111111115),
900 3057 959 3120 sibi
985 3061 1259 3123 reconciliandum
1284 3069 1322 3141 91,

222 3273 241 3338 ¹)
261 3273 293 3325 cl.
312 3270 449 3325 Massou.
469 3283 496 3318 v.
518 3269 547 3318 l).
568 3281 610 3332 ap.
629 3264 722 3317 Burm.
742 3265 790 3331 IV,
810 3283 834 3333 p.
855 3272 888 3319 m
908 3284 963 3337 seq.
1062 3337 1066 3343 ·

219 3356 463 3429 nexantem,
486 3361 552 3420 1,1’.
573 3357 606 3408 77
627 3355 717 3407 91ῖ8.

136 3490 142 3497 .
219 3451 240 3513 ³)
259 3449 403 3504 Praeterea
414 3447 484 3500 hane
498 3442 589 3496 Ovidii
609 3441 751 3511 coniugem
772 3445 805 3497 ad
819 3444 940 3508 Macrum
960 3452 988 3501 et
1007 3449 1108 3503 Rufum
1121 3451 1322 3504 necessitudine

149 3539 294 3593 attinuisse
313 3555 346 3591 ex
366 3553 406 3604 ep.
427 3551 459 3586 rx
478 3533 564 3586 Ponto
582 3530 618 3597 H,
640 3534 671 3584 10
691 3534 718 3582 et
737 3531 771 3585 H.
794 3537 834 3597 11,
857 3540 960 3590 13-18
980 3537 1102 3608 intellegi
1121 3543 1216 3607 potest.
1255 3539 1321 3604 Qui-

148 3630 199 3682 bus
218 3628 285 3681 locis
304 3630 415 3696 apparet
428 3622 526 3677 Ovidii
545 3619 637 3673 uxoris
656 3623 772 3673 nratrem
791 3623 876 3676 tuisse
890 3623 951 3677 Ruti
970 3642 1093 3693 sororem,
1113 3628 1214 3681 Rufum
1238 3629 1323 3698 igitm·

148 3719 208 3771 eius
227 3716 402 3771 avunculum.
439 3713 480 3765 Ex
500 3709 603 3777 nuptiis
622 3708 758 3776 prioribus
776 3710 860 3765 filiam
880 3713 984 3781 habuit
1004 3732 1084 3783 quam
1104 3724 1198 3784 postea
1210 3717 1322 3772 Suillius

148 3807 271 3861 l‘aesaris
291 3803 446 3859 Germanici
460 3815 552 3855 cuntes
577 3799 604 3850 in
623 3797 826 3851 matrimonium
847 3801 986 3864 1111111191
1006 3804 1083 3859 Pont.
1103 3807 1150 3859 ll'.
1170 3813 1194 3873 8,
1215 3809 1323 3868 9-121

147 3899 179 3949 cl.
199 3896 310 3950 Messon
328 3894 346 3947 l.
366 3909 389 3947 c.

218 3988 239 4044 ‘l
258 4004 292 4040 ex
310 3983 396 4037 Ponto
415 3984 435 4038 l.
456 3984 480 4041 ’2,
503 3985 552 4036 135
571 3994 625 4047 seq.

218 4078 240 4142 ὅ)
259 4076 285 4128 id
303 4075 423 4128 indicare
441 4074 570 4125 ridentur·
588 4078 707 4146 exempli
728 4090 810 4129 causa
828 4089 924 4126 versus
942 4072 983 4124 illi
1003 4073 1031 4125 in
1045 4090 1085 4141 ep.
1100 4090 1134 4126 ex
1146 4073 1231 4126 Ponto
1249 4073 1270 4126 l.
1291 4079 1320 4127 ·.':

342 4164 416 4216 »Heu
436 4163 517 4216 milii!
544 4165 608 4232 quid
629 4166 749 4220 faciam?
768 4163 869 4216 Vereor
887 4178 920 4215 nc
940 4162 1047 4216 nonrinc
1065 4162 1135 4215 lecto

342 4256 433 4308 Durus
453 4258 481 4307 et
501 4270 599 4307 auersa
618 4258 709 4308 cetera
728 4256 817 4306 mente
836 4251 932 4320 legas«
