2962 4762
664 194 859 252 ..7-

175 377 206 432 et
238 368 351 436 verba,
368 369 425 433 illa
456 372 694 452 respexerimus
725 371 759 431 in
793 369 914 453 epistol.
947 367 1051 449 lll‚b
1085 388 1167 451 quae
1197 370 1231 431 in
1256 369 1347 432 codd.

174 475 331 539 »Maximo
356 475 478 540 Cottae«
501 477 658 558 inscripta·
679 482 727 540 est
749 494 830 539 vers.
855 478 913 538 37:
948 474 989 537 »O
1013 477 1142 540 iuvenis
1165 476 1347 540 studiorum

175 583 269 665 plene
292 602 461 647 meorum«
505 582 581 646 Huc
604 583 736 665 accedit,
760 583 847 665 quod
870 584 969 646 totius
997 583 1153 665 epistulae
1178 582 1215 663 (l,
1239 581 1271 664 5)
1296 601 1348 646 co-

94 764 97 770 ·
177 690 226 752 lor
248 690 377 752 nullum
409 689 510 753 alium
543 691 607 753 nisi
640 688 764 753 Cottam
796 690 926 753 indicat.
981 689 1095 772 Itaque
1128 709 1234 771 neque
1264 689 1349 752 hano

175 796 345 878 epistulam
364 795 597 880 Nipperdeium
621 797 661 859 ad
684 795 780 860 Tacit.
798 798 885 859 Anu.
904 796 930 876 Ι,
954 800 974 859 5
994 797 1097 861 secuti
1114 795 1229 860 Paullo
1248 795 1348 859 Fabio
1421 849 1423 853 .

175 901 318 966 Maximo
349 904 571 985 attribuimus,
603 922 709 986 neque
743 885 813 966 viro
843 903 892 966 illi
925 904 1109 966 doctissimo
1144 904 1348 984 assentimur,

176 1009 262 1091 quod
296 1010 465 1093 epistulam
496 1010 522 1091 1,
555 1013 574 1074 9
605 1011 645 1074 ad
677 1011 815 1092 eundem
848 1009 984 1074 Fabium
1013 1012 1145 1073 missam
1173 1010 1348 1074 verisimile

177 1135 246 1179 esse
265 1115 446 1180 arbitratur.
484 1116 555 1193 Quo
574 1119 608 1180 in
629 1118 771 1188 carmine
790 1118 871 1180 nihil
889 1117 983 1182 nobis
999 1119 1217 1182 demonstrare
1236 1121 1347 1199 potest,

176 1224 216 1285 ad
240 1243 341 1306 quem
360 1225 516 1307 scriptum
540 1226 590 1305 sit,
613 1226 676 1287 nisi
699 1243 814 1288 versus
838 1227 879 1289 29
904 1215 985 1307 seq:

326 1329 487 1413 »Cumque
510 1332 579 1396 suis
602 1331 709 1395 fratris
732 1333 817 1395 vires
841 1331 1006 1395 adhibebit
1030 1338 1061 1394 et
1084 1350 1212 1394 omnem

327 1417 397 1494 Quo
420 1420 525 1484 levius
550 1418 667 1501 doleas,
691 1422 875 1504 experietur
899 1440 1015 1504 opem«

176 1525 379 1610 Quamquam
404 1533 511 1593 autem
535 1533 567 1590 et
590 1527 681 1591 Cotta
704 1533 735 1591 et
753 1526 872 1591 Fabius
896 1526 1060 1591 Maximus
1079 1526 1263 1590 habuerunt
1286 1526 1348 1589 fra-

176 1644 266 1715 trem,
296 1640 404 1697 tamen
435 1634 475 1697 de
502 1632 592 1697 Fabii
626 1634 732 1715 fratre,
757 1632 792 1709 Q.
816 1633 914 1697 Fabio
938 1632 1080 1697 Maximo
1104 1632 1268 1715 Africano,
1292 1635 1348 1715 qui

176 1760 259 1802 anno
283 1760 314 1803 u.
339 1759 365 1802 c.
391 1742 588 1804 7441111111
610 1741 708 1823 111111),
731 1741 881 1804 hocloco
905 1760 971 1803 non
990 1758 1083 1824 posse
1103 1741 1236 1824 cogitari
1254 1740 1348 1803 nobis

176 1853 223 1910 est
254 1866 453 1930 persuasum.
498 1847 598 1911 Hunc
631 1849 718 1911 enim
742 1848 871 1911 nullum
895 1849 1054 1911 amicitiae
1078 1853 1109 1910 et
1132 1866 1212 1909 usus
1235 1849 1348 1909 vincu-

176 1954 244 2016 lum
267 1953 397 2017 videtur
420 1955 629 2018 coniunxisse
652 1974 727 2018 oum
752 1953 877 2036 Ouidio,
908 1975 981 2018 oum
1005 1954 1057 2016 hio
1081 1955 1116 2015 in
1140 1953 1282 2036 epistolis
1299 1972 1348 2016 vex

176 2059 280 2123 Ponto
313 2060 354 2124 ad
385 2059 523 2124 Fabium
552 2063 660 2124 missis
691 2063 761 2125 eius
792 2082 953 2144 nusquam
991 2060 1087 2123 faciat
1123 2059 1348 2141 mentionemll

177 2167 367 2250 nullamque
398 2168 437 2230 ad
472 2187 546 2231 eum
577 2170 701 2232 miserit
734 2169 918 2252 epistulam3
950 2168 1084 2230 fortasse
1111 2166 1167 2229 ille
1189 2168 1254 2229 iam
1278 2173 1348 2229 tum

176 2294 193 2336 e
216 2276 283 2356 vita
301 2282 368 2339 erat
387 2294 544 2358 egressus.
591 2274 680 2351 Quae
704 2296 779 2339 cum
802 2277 847 2338 ita
870 2277 935 2338 sint
954 2273 1090 2338 Ovidius
1114 2272 1155 2335 M.
1179 2272 1347 2336 Valerium

176 2376 386 2446 Messalinum
419 2401 497 2445 voce
529 2381 665 2445 »fratris«
698 2381 874 2466 significat,
917 2401 1057 2463 quocum
1100 2379 1215 2442 Ouidio
1247 2379 1348 2441 fuisse
1418 2461 1419 2465 Ἰ

177 2483 272 2550 usum
302 2505 464 2571 quemque
493 2488 553 2551 sibi
584 2489 744 2552 auxilium
773 2489 913 2552 laturum
947 2506 1016 2551 esse
1047 2493 1173 2570 poetam
1205 2505 1349 2568 sperasse

175 2615 240 2658 non
266 2615 330 2658 uuo
353 2595 423 2659 loco
448 2596 693 2659 demonstratur.

263 2701 374 2766 Restat
407 2702 544 2785 epistula
576 2721 617 2765 ex
645 2701 748 2766 Ponto
782 2702 849 2783 ΙΙΙ,
878 2704 914 2783 11,
953 2703 1046 2764 cuius
1078 2699 1175 2765 versu
1208 2702 1249 2762 37
1283 2701 1348 2763 iam

174 2829 271 2892 supra
299 2810 350 2872 usi
385 2829 507 2873 sumus.
569 2808 659 2885 Quae·
691 2811 771 2892 quin
804 2810 845 2872 ad
873 2809 1013 2872 eundem
1041 2805 1200 2889 0111111113)
1231 2807 1349 2889 scripta
1433 2812 1437 2820 '

174 2916 376 2995 111,11111111111
400 2914 540 2979 dubitari
558 2921 670 2999 potest.
712 2915 806 2992 Qriod
829 2916 916 2979 enim
940 2914 1084 2978 Kochius
1114 2913 1134 2975 l.
1158 2914 1178 2977 l.
1201 2933 1271 2996 pag.
1296 2913 1349 2992 20,

174 3020 298 3085 obstare
317 3041 430 3086 vocem
448 3023 605 3086 »iuvenis«
627 3023 661 3086 in
679 3042 777 3087 versu
798 3025 816 3085 7
838 3024 939 3102 1137,
958 3040 999 3084 ne
1018 3022 1079 3084 hoc
1098 3039 1228 3084 carmen
1239 3018 1348 3083 Cottae

173 3126 315 3191 Maximo
347 3128 563 3192 inscribamus
595 3129 733 3212 ideoque
763 3131 797 3192 in
830 3129 890 3192 huo
917 3128 1054 3211 epistula
1085 3128 1124 3192 de
1154 3127 1220 3189 filio
1250 3127 1349 3189 huius

174 3234 236 3295 viri
269 3236 476 3318 cogitandum
509 3255 579 3300 esse
603 3243 721 3318 censet,
744 3236 796 3300 vel
819 3254 856 3298 eo
880 3236 1048 3315 refutatur,
1072 3235 1168 3317 quod,
1191 3239 1228 3296 ut
1251 3253 1350 3316 supra

173 3343 393 3424 exposuimus,
416 3362 481 3406 non
504 3362 605 3426 nepos
628 3343 685 3406 sed
707 3343 795 3407 filius
818 3345 887 3426 ipse
905 3341 1062 3406 Messalae
1085 3340 1216 3404 Corvini
1234 3340 1349 3403 consul

173 3467 258 3510 anno
290 3469 320 3532 p.
344 3447 416 3512 Chr.
440 3449 483 3513 20
505 3448 576 3512 fuit.
601 3449 717 3513 Virum
742 3455 850 3513 autem
874 3450 1006 3532 triginta
1029 3467 1088 3512 sex
1111 3467 1212 3512 anuos
1235 3452 1348 3509 natum

173 3556 292 3636 optime
310 3575 404 3639 posse
422 3558 575 3620 iuvenem
599 3556 752 3641 appellari
776 3554 944 3637 1111111114).

245 3694 265 3762 ¹)
284 3695 386 3751 Sueten
403 3696 453 3751 vit.
473 3695 581 3751 Claudii
600 3712 658 3764 cap.
676 3696 712 3751 Π.

244 3783 441 3853 21Κο11111111.
461 3785 478 3840 l.
497 3801 558 3855 pag.
578 3791 594 3839 4
614 3786 703 3840 adnot.
725 3784 792 3840 dicit
812 3801 876 3839 eum
894 3783 1096 3839 commemorari
1110 3783 1144 3838 ab
1158 3782 1255 3837 Ouidio
1268 3777 1347 3852 epist.

172 3889 205 3926 ex
226 3872 313 3928 Ponto
330 3874 352 3942 Ι,
374 3878 414 3941 10,
435 3877 468 3928 20
488 3876 516 3927 et
532 3874 569 3942 11,
589 3880 613 3942 3,
634 3878 668 3930 79
688 3890 742 3943 seq.
781 3873 901 3940 Quorum
920 3873 1041 3927 locorum
1059 3872 1107 3926 ille
1124 3872 1195 3927 nihil
1214 3873 1247 3926 de
1265 3873 1349 3927 111111

172 3961 288 4017 Maximi
308 3963 469 4017 continet-
480 3963 568 4017 voluit
585 3965 700 4035 fortasse
717 3963 830 4018 laudare
847 3963 869 4032 Ι,
889 3967 914 4032 9,
934 3966 976 4029 29,
996 3963 1029 4016 de
1048 3978 1101 4030 quo
1120 3961 1177 4016 loeo
1196 3962 1348 4032 agimus-—

172 4051 216 4103 hic
236 4053 328 4105 autem
347 4052 376 4104 in
395 4052 510 4121 epistola
528 4054 562 4107 ad
581 4052 698 4121 Cottam,
717 4069 771 4107 non
790 4053 824 4107 ad
841 4051 958 4107 Fabium
977 4050 1063 4105 missa
1080 4049 1188 4121 legitur.

242 4140 263 4203 ³)
283 4142 315 4194 ol.
353 4140 438 4196 codis.
457 4141 649 4210 inscriptiones
668 4145 696 4195 et
713 4157 783 4195 vers.
803 4145 827 4195 6.

241 4229 263 4299 *1
282 4229 315 4282 ci.
353 4229 447 4284 Varro.
467 4246 508 4298 ap.
528 4231 665 4286 Censor-in.
685 4231 718 4284 de
736 4230 780 4284 die
798 4230 883 4285 natali
904 4230 981 4284 XIV.
