2962 4762
624 156 842 216 „3⁴2-

149 332 237 393 nullo
256 339 360 414 potest
378 333 560 394 testimonio
579 332 707 414 probari
730 351 836 414 neque
856 338 961 394 tamen
982 330 1198 392 videturesse
1217 331 1321 391 incre·

150 437 256 500 dibile.
303 437 447 500 Atticum
480 458 498 500 a
531 439 647 500 Seiano
676 438 696 500 J
699 438 764 501 ulio
796 438 921 501 llarino
954 437 1101 499 adiutore
1133 455 1321 519 oppressum

150 562 219 606 esse
242 543 283 606 ad
307 563 428 606 annum
457 565 487 606 u.
517 545 745 628 (17851321).
772 545 855 626 Chr.)
900 543 1029 606 Tacitus
1045 549 1154 605 narrat
1162 546 1195 622 2).

239 649 373 712 Minime
404 669 480 713 vero
510 651 699 735 probamus,
732 652 817 735 quod
849 649 992 713 Kochius
1023 651 1058 711 in
1091 649 1323 712 dissertationis

151 777 229 819 suae
252 757 321 839 pag.
349 759 388 818 18
413 758 565 840 epistulas
590 777 629 821 ex
654 758 756 821 Ponto
781 759 821 821 ad
845 759 990 820 Atticum
1015 758 1157 839 scriptas,
1181 793 1223 800 —
1247 762 1324 818 sunt

151 869 259 925 autem
281 862 329 944 fl,
362 867 437 926 let
461 863 507 945 ss,
533 868 550 926 7
576 903 617 910 -
643 874 727 929 certe
752 867 841 948 epist.
871 864 918 943 ΙΙ,
947 868 977 945 4,
1009 865 1088 925 viris
1112 863 1214 926 doctis
1237 870 1324 925 recte

155 969 256 1031 rideri
281 988 345 1031 non
369 972 527 1055 genuinas
552 991 620 1035 esse
644 978 743 1056 putat.
790 971 904 1035 Carere
936 972 1022 1034 enim
1051 989 1104 1033 eas
1131 970 1325 1052 proprietate

153 1081 183 1137 et
216 1070 371 1158 ἰδιότητι,
405 1098 487 1159 quae
522 1088 608 1142 certa
639 1080 777 1161 quadam
810 1098 919 1141 rerum
957 1095 1231 1160 personarumque
1271 1075 1325 1138 de·

154 1183 325 1265 scriptione
344 1186 553 1266 contineatur,
572 1206 677 1268 neque
689 1187 866 1269 quidquam
884 1205 961 1264 esse,
982 1183 1068 1266 quod
1087 1184 1205 1245 claram
1224 1182 1326 1244 Attici

154 1289 289 1370 eiusque
313 1309 387 1352 cum
407 1290 523 1354 Ouidio
548 1294 706 1356 amicitiae
730 1294 903 1377 imaginem
928 1291 1020 1354 nobis
1044 1298 1117 1353 ante
1142 1289 1251 1352 oculos
1270 1308 1326 1370 po·

154 1401 217 1456 nat.
264 1394 313 1457 Ita
339 1404 448 1460 autem
471 1399 542 1461 illas
567 1400 719 1482 epistulas
739 1410 862 1462 tumere
883 1399 1022 1482 querelis
1043 1404 1072 1459 et
1092 1396 1327 1458 lamentationi·

155 1501 230 1581 bus,
263 1508 298 1563 ut
322 1501 361 1564 ab
386 1504 547 1568 eruditulo
578 1507 717 1588 rqrrodanr
741 1507 950 1588 grammatico
983 1525 1024 1567 ex
1047 1504 1126 1566 locis
1151 1501 1327 1591 Ouidianis‚

156 1609 212 1690 qui
235 1610 428 1673 maestitiam
461 1613 596 1694 spirent,
620 1614 813 1695 compositae
849 1631 917 1675 esse
940 1611 1121 1674 videantur.
1186 1607 1328 1683 Quinam

155 1713 203 1774 illi
222 1715 305 1776 »viri
329 1715 436 1778 docti«
458 1718 510 1781 vel
533 1719 729 1800 »nonnulli«,
754 1739 834 1802 quos
857 1718 1000 1781 Kochins
1025 1716 1176 1800 appellat,
1198 1716 1328 1794 fuerint,

157 1822 359 1903 ignoramus,
392 1834 425 1886 at
448 1824 481 1885 ld
504 1844 635 1908 prorsus
659 1835 782 1891 eertum
807 1832 867 1903 est,
899 1833 985 1889 recte
1014 1825 1177 1888 neminem
1208 1841 1329 1901 eorum,

158 1928 214 2008 qui
237 1936 345 1991 nostra
369 1937 471 1993 aetate
491 1929 599 1993 Ovidii
623 1933 820 1996 carminibus
840 1933 999 1995 dederunt
1022 1912 1183 2014 operam,¹
1200 1929 1240 1992 de
1263 1929 1329 2011 epi·

158 2034 252 2096 stulis
275 2035 340 2097 illis
360 2046 467 2099 nostro
491 2048 602 2120 poetae
622 2039 802 2103 tribuendis
827 2039 999 2102 dubitasse.
1033 2036 1147 2119 Neque
1167 2037 1254 2098 enim
1273 2053 1330 2097 eae

159 2159 284 2222 causae,
308 2163 387 2224 aquas
412 2142 555 2207 Kochius
580 2145 678 2226 affert,
702 2146 838 2209 obstant.
883 2144 999 2208 Nonne
1024 2143 1149 2226 epistol.
1173 2141 1216 2222 ss,
1235 2145 1256 2203 l
1276 2161 1330 2223 op-

159 2247 270 2310 timam
293 2250 467 2332 imaginem
491 2250 621 2314 illorum
649 2273 725 2315 usus
758 2263 788 2316 et
810 2253 1037 2316 familiaritatis
1065 2250 1218 2333 praebet?
1266 2245 1331 2308 Cur

160 2361 267 2416 autem
285 2354 345 2418 hae
363 2357 453 2438 ipsae
473 2358 628 2439 epistulae
646 2359 761 2441 plenae
782 2360 985 2442 querelarum
1005 2367 1036 2420 et
1064 2356 1331 2419 lamentationum

160 2463 232 2542 sint,
256 2461 349 2525 facile
372 2462 611 2546 intellegemus,
644 2466 810 2529 ethorum
840 2467 1018 2528 carminum
1051 2463 1193 2526 indolem
1222 2459 1331 2544 paullo

161 2569 341 2631 accuratius
361 2569 680 2634 consideraverimus.
727 2571 820 2647 Quod
844 2572 951 2655 paullo
975 2571 1059 2634 infra
1083 2586 1291 2653 exponemus

250 2674 402 2759 Magnam
418 2684 525 2740 autem
543 2679 707 2740 caritatem
722 2689 752 2741 et
776 2680 950 2742 anricitiam
960 2679 1106 2741 Atticum
1124 2683 1155 2738 et
1170 2673 1332 2753 Ovidium,

162 2801 236 2844 oum
255 2780 375 2845 Romae
395 2789 486 2864 esset,
511 2786 718 2849 coniunxisse
738 2805 926 2868 semperque
950 2785 1022 2847 illos
1042 2792 1072 2847 et
1092 2784 1174 2846 seria
1192 2787 1223 2844 et
1247 2782 1333 2842 iocos

162 2891 246 2950 inter
278 2907 312 2951 se
344 2892 614 2972 communicasse,
644 2912 709 2954 non
738 2893 842 2955 solnm
867 2893 955 2975 epist.
980 2911 1020 2954 ex
1044 2890 1147 2953 Ponto
1179 2887 1273 2967 1124
1305 2906 1332 2947 r.

166 2995 274 3057 9—12
300 3002 331 3056 et
353 3014 383 3056 V.
411 2999 450 3059 19
475 3016 561 3080 seqq.
587 2999 815 3079 demonstrant,
839 2998 896 3061 ubi
919 3003 1013 3082 poeta
1036 2997 1217 3080 profitetur:

377 3103 485 3166 »Seria
508 3105 611 3167 multa
633 3106 712 3167 milri
737 3111 843 3168 tecum
868 3106 993 3168 conlata
1016 3102 1175 3183 recordor,

378 3207 445 3271 Nec
470 3211 543 3273 data
566 3212 718 3274 iucundis
742 3219 885 3294 tempora
908 3231 1011 3295 pauca
1033 3211 1120 3274 iocis,

379 3314 479 3399 Saepe
503 3318 584 3380 citae
608 3319 713 3402 longis
737 3321 825 3382 visae
849 3317 1051 3381 sermonibus
1075 3313 1180 3395 horae,

379 3421 480 3504 Saepe
503 3423 566 3486 fuit
589 3424 725 3506 brevior,
751 3447 849 3508 quani
873 3445 945 3488 mea
963 3424 1062 3488 verba
1087 3423 1163 3485 dies.

380 3635 447 3699 Nos
470 3637 540 3700 fora
562 3639 714 3702 viderunt
736 3641 864 3722 pariter,
887 3658 946 3701 nos
969 3638 1112 3721 porticus
1136 3635 1249 3713 omnis,

381 3743 447 3807 Nos
471 3747 532 3826 ria,
556 3765 614 3808 nos
636 3724 757 3810 iunctis
781 3766 880 3809 curra
903 3745 1026 3809 theatra
1048 3743 1141 3804 locis«
1165 3748 1222 3805 etc.

169 3849 225 3910 sed
248 3850 344 3912 etiam
364 3851 521 3915 Amorum
546 3853 623 3936 eleg.
643 3853 668 3934 l,
693 3856 721 3935 9,
746 3873 828 3936 quae
851 3853 998 3915 adhunc
1022 3851 1127 3911 virum
1148 3849 1265 3930 scripta
1284 3852 1340 3926 est,

169 3955 229 4017 boe
260 3957 336 4019 satis
366 3965 474 4041 aperte
505 3960 634 4023 indicat.
690 3960 859 4022 Praeterea
891 3979 932 4022 ex
965 3977 1011 4041 ep.
1046 3976 1088 4020 ex
1116 3955 1219 4018 Ponto
1247 3951 1289 4033 ΙΙ,
1320 3954 1341 4014 4

242 4199 263 4268 ²)
282 4204 352 4256 Anu.
371 4201 417 4268 VI,
440 4205 478 4254 to.
