2962 4762
631 160 848 220 ..11-

312 337 364 398 sil·
378 336 432 416 qui
457 336 642 398 nominibus
666 356 741 398 rum
765 337 809 399 sis
831 355 1006 418 generosus
1030 356 1172 415 urorum,

312 442 496 525 Exsuperas
520 461 645 505 morum
669 442 836 507 nobilitate
858 461 975 526 genus«

152 551 270 632 optime
298 549 434 630 quadrat
463 549 501 612 ad
528 568 611 630 eam,
645 569 708 631 qua
737 549 859 613 Cottam
891 556 1037 612 ornatum
1068 550 1168 615 fuisse
1199 550 1326 631 saepius

152 657 183 717 in
209 656 355 738 epistulis
385 655 425 718 ad
456 676 530 718 eum
555 657 681 738 seriptis
705 657 768 740 legi
799 658 862 719 iam
887 677 982 740 supra
1005 657 1156 738 vidimus
1180 674 1328 747 quaeque

151 782 312 844 nusquam
336 761 374 824 ab
401 760 515 825 Ovidio
539 767 605 825 tam
629 764 733 846 ample
758 768 789 826 et
806 770 914 846 aperte
938 765 972 825 in
990 763 1163 826 Messalino
1187 763 1328 826 celebra·

151 876 212 931 tur.
260 867 349 942 Quae
379 888 573 951 utrumquem
608 870 671 932 iam
703 870 780 933 satis
803 870 955 933 ridentur
984 871 1201 932 demonstrare
1224 871 1325 932 multo

151 976 256 1057 aptius
283 976 316 1037 in
342 980 451 1038 nostra
484 977 586 1058 elegia
619 975 659 1039 de
692 975 784 1040 Cotta
816 977 958 1060 eogitari,
988 996 1029 1039 ne
1061 976 1233 1040 Messalino
1266 976 1327 1038 hoo

151 1101 279 1144 carmen
303 1082 525 1162 inscribamus,
548 1082 697 1165 impediri
718 1083 867 1146 ridemur
885 1085 988 1165 prima
1007 1085 1142 1167 epistula
1163 1102 1202 1146 ex
1223 1082 1328 1145 Ponto

151 1189 191 1250 ad
224 1189 311 1251 huno
338 1190 435 1251 missa
469 1189 506 1268 (Ι,
539 1189 579 1270 7).
632 1190 671 1252 ln
703 1191 763 1252 lrao
793 1191 879 1252 enim
907 1198 1000 1271 poeta
1033 1189 1268 1273 quodammodo
1292 1208 1329 1252 se

152 1303 293 1376 exeusat,
317 1295 404 1376 quod
428 1295 468 1358 ad
486 1295 696 1359 Messalinmn
720 1315 847 1360 carmen
872 1298 995 1360 miserit
1018 1297 1223 1380 exponitque,
1247 1316 1326 1378 quas

152 1401 191 1464 ob
216 1421 329 1469 causas
352 1402 441 1464 illius
464 1422 594 1484 quoque
617 1403 715 1466 iidem
738 1405 908 1487 implorare
932 1404 1055 1467 audeat.
1102 1403 1215 1486 ltaque
1238 1403 1327 1464 illam

152 1509 281 1571 omnino
300 1509 435 1590 primam
456 1509 634 1590 epistrdam.
659 1517 694 1573 ut
718 1511 761 1573 ita
781 1510 894 1590 dicam,
911 1510 1074 1594 publicam
1093 1511 1133 1572 ad
1157 1529 1230 1572 eum
1251 1509 1329 1571 seri·

153 1621 240 1696 ptam
260 1633 329 1677 esse
348 1616 446 1678 totius
466 1617 617 1678 carminis
636 1636 734 1679 sonus
754 1622 785 1680 et
803 1619 961 1680 sententia
980 1617 1122 1680 indicare
1139 1614 1328 1698 videnturl).

241 1720 305 1782 Vix
340 1722 439 1804 igitur
470 1730 574 1805 potest
607 1722 763 1800 dubitari,
797 1725 875 1805 quin
907 1723 998 1786 irist.
1033 1725 1110 1806 eleg.
1143 1722 1200 1802 IV,
1232 1726 1253 1785 4
1286 1723 1327 1784 ad

152 1827 275 1890 Cottam
298 1826 507 1891 Messalinum
532 1828 630 1892 missa
653 1831 701 1892 sit.
735 1829 830 1893 Nune
856 1831 1022 1894 rideamus
1046 1850 1125 1893 num
1152 1830 1214 1892 alia
1237 1847 1329 1911 prae-

152 1939 237 1997 terea
248 1935 388 1997 carmina
398 1934 549 1998 liistium
564 1935 604 1998 ad
615 1936 701 1999 hunc-
711 1937 852 1999 amioum
869 1939 987 2021 seripta
1001 1956 1071 2001 esse
1086 1936 1260 2000 verisimile
1277 1922 1339 1999 sit'

237 2040 523 2105 Persomtantibus
538 2042 631 2106 nobis
650 2044 721 2106 illas
741 2044 859 2127 elegias
879 2064 943 2107 una
963 2045 1109 2125 (recurrit
1130 2063 1225 2126 quam
1245 2043 1325 2105 nulli

153 2149 260 2229 potius
284 2168 380 2230 quam
405 2146 514 2211 Cottae
538 2148 727 2230 tribuamus
751 2151 888 2234 elegia
911 2154 931 2211 5
956 2151 1099 2214 eiusdem
1124 2149 1205 2213 libri.

241 2253 336 2330 Quod
359 2256 445 2318 eninr
469 2254 613 2319 Koohius
637 2257 656 2318 l.
681 2257 698 2318 l.
723 2278 793 2340 pag.
829 2259 871 2320 27
896 2257 955 2319 hor
984 2276 1112 2320 carmen
1136 2256 1209 2320 Sex.
1232 2255 1328 2318 Pom·

153 2362 225 2443 peio
248 2355 490 2425 inscribendum
514 2369 623 2426 censet
651 2400 688 2408 -
714 2364 746 2426 id
770 2370 877 2428 autem
902 2383 943 2427 ex
966 2382 1047 2427 rers.
1073 2367 1091 2426 7
1116 2381 1196 2445 seu:

310 2467 425 2531 »Cuius
449 2489 536 2533 eram
560 2489 659 2533 censu
683 2490 747 2532 non
771 2490 823 2534 me
847 2489 1001 2534 sensurus
1025 2476 1182 2554 egentem,

311 2575 344 2638 si
369 2574 485 2638 Caesar
506 2578 625 2659 patrias
649 2578 817 2660 eripuisset
841 2597 931 2660 opes«

153 2681 315 2746 concludit
347 2717 387 2726 -
417 2683 550 2748 minime
581 2684 760 2766 probamus,
810 2683 893 2746 Nam
922 2684 1001 2747 haee
1034 2683 1191 2746 sententia
1213 2682 1265 2744 rel
1289 2700 1328 2744 eo

151 2784 325 2865 refutatur,
367 2788 453 2869 quod
488 2809 569 2852 rens.
605 2793 644 2853 31
679 2810 742 2873 seq.
775 2797 903 2854 nostrae
943 2791 1063 2873 elegiae
1095 2788 1199 2851 filium
1232 2789 1328 2851 amici

152 2901 244 2977 poeta
259 2900 494 2976 commemorat,
512 2897 597 2977 quod
613 2898 652 2959 ad
671 2897 744 2960 Sex.
760 2897 950 2981 Pompeium
968 2916 1033 2958 non
1043 2895 1199 2978 quadrare
1218 2896 1328 2978 paullo

151 3002 235 3064 infra-
254 3003 336 3084 (pag.
352 2999 406 3082 13)
425 3001 723 3067 demonstrabimus.
775 3004 878 3066 Immo
897 3005 968 3065 iure
990 3003 1050 3064 hoe
1069 3021 1196 3065 cannen
1218 3000 1329 3064 Cottae

152 3107 339 3170 tribuemus.
394 3107 447 3170 llli
481 3109 567 3172 enim
599 3129 720 3192 reisue,
754 3111 872 3193 quibus
896 3109 1040 3172 Koohius
1072 3109 1113 3171 ad
1136 3107 1327 3171 finnandam
1424 3166 1428 3191 s

153 3235 244 3278 suam
268 3216 459 3278 sententiam
487 3235 566 3278 usus
598 3223 654 3297 est,
682 3219 801 3301 optime
829 3217 1025 3280 conveniunt
1048 3234 1122 3278 cum
1146 3215 1242 3276 huius
1264 3215 1326 3276 viri

150 3315 342 3385 ⁴liberalitate
383 3327 414 3383 et
455 3322 689 3404 munificentia,
730 3344 826 3407 quem
861 3324 988 3407 saepius
1020 3322 1144 3385 laudari
1177 3321 1326 3384 vidimus.

151 3427 226 3491 Huo
259 3428 390 3507 aceedit,
417 3429 508 3510 ,quod
532 3448 683 3493 versuum
716 3433 800 3495 1-8
825 3431 1015 3494 sententiam
1038 3430 1178 3492 amioum
1202 3446 1329 3510 semper

156 3532 270 3596 Ovidio
295 3534 407 3620 tulisse
431 3537 591 3599 auxilium
614 3539 771 3621 imprimis
795 3539 829 3601 in
853 3538 944 3620 epist
968 3556 1009 3600 ex
1032 3534 1135 3599 Ponto
1158 3533 1217 3615 ΠΙ,
1240 3535 1260 3596 2
1285 3534 1325 3597 ad

154 3641 275 3705 Cottam
299 3641 397 3702 missa
420 3644 599 3724 expositam
623 3663 692 3708 esse
715 3645 898 3708 invenimus
921 3645 1010 3706 velut
1033 3663 1061 3704 r.
1086 3645 1105 3705 3
1131 3661 1211 3724 seo:
1302 3698 1304 3704 .

280 3745 441 3828 »Namque
465 3751 545 3812 meis
569 3770 677 3834 sospes
700 3753 839 3814 multum
863 3750 1058 3814 eruciatibus
1082 3748 1197 3826 aufers

283 3857 390 3934 thue
414 3855 456 3916 sit
477 3857 509 3917 in
536 3857 628 3920 nobis
651 3878 724 3940 pars
747 3858 831 3921 bona
856 3859 942 3920 salra
966 3857 1059 3919 iacis«

153 3967 202 4028 rel
229 3986 307 4029 vers.
332 3961 374 4022 ‘25
399 3981 479 4043 serp:

225 4207 244 4270 ¹]
264 4207 296 4259 ef.
316 4203 432 4272 exenrpli
452 4218 535 4256 eausa
554 4218 578 4253 r.
599 4203 633 4252 33
653 4212 707 4264 seu.
