2962 4762
626 220 845 281 -39-

156 399 297 460 amioum
327 397 454 479 scriptis
487 433 528 440 -
563 400 639 458 sunt
668 403 776 458 autem
805 396 894 477 epist.
919 415 961 459 ex
989 394 1092 458 Ponto
1116 395 1141 475 Ι,
1168 398 1194 457 1.
1218 395 1278 475 ΙΙΙ,
1302 399 1331 459 9.

154 504 211 583 IV,
236 506 264 566 6.
289 540 331 548 -
357 503 396 565 de
420 504 611 585 imperatore
630 507 661 564 et
685 502 725 565 de
748 508 843 585 geute
872 502 962 565 Julia
996 503 1073 565 dicit
1084 502 1115 585 1).
1161 500 1331 565 Praeterea

155 629 230 673 eum
254 612 337 673 inter
361 615 517 690 oratores,
542 611 597 690 qui
626 616 696 671 tum
720 610 903 692 eloquentia
926 608 1115 689 floruerunt,
1139 608 1331 671 excelluisse

156 719 233 803 satis
257 718 477 779 demonstrant
501 716 627 798 epistol.
656 736 697 778 ex
720 715 822 779 Ponto
846 715 903 797 lV,
932 718 961 796 6,
985 737 1013 777 v.
1038 718 1079 778 ’29
1104 735 1191 798 seqq.
1241 713 1330 790 erae

154 825 262 886 omnia
281 825 307 886 si
327 823 576 902 consideramus,
598 823 732 884 fortasse
751 822 986 901 Woelfelii2)
1011 824 1170 885 sententia
1193 841 1258 884 non
1282 826 1330 885 est

154 931 362 1013 repudianda,
382 931 438 1012 qui
457 928 551 991 Bruti
571 930 701 992 nomine
720 928 761 991 M.
779 929 940 992 lunium
961 930 1136 993 Silanum
1156 928 1330 1011 significari

154 1042 270 1100 censet.
316 1036 391 1099 ruit
410 1043 517 1099 autem
539 1038 574 1117 is,
599 1038 654 1118 qui
674 1057 692 1098 a
715 1035 821 1099 Tacito
845 1038 880 1099 iu
899 1037 1015 1099 huual.
1040 1036 1093 1098 lib.
1116 1035 1177 1115 Ill,
1200 1055 1266 1118 cap.
1287 1036 1330 1098 24

156 1152 187 1205 et
211 1146 252 1205 52
277 1149 309 1206 et
331 1143 401 1206 libr.
427 1142 483 1223 VI,
507 1161 573 1225 cup.
598 1145 618 1205 2
643 1149 781 1225 atquoa
809 1141 913 1206 Dione
942 1145 976 1205 iu
1004 1143 1073 1205 libr.
1098 1141 1184 1223 LIX,
1217 1162 1283 1225 oap.
1309 1144 1328 1204 9

155 1256 432 1329 commemoratur,
456 1249 487 1311 O.
512 1249 544 1314 F.
560 1252 584 1329 3)
614 1255 645 1311 et
669 1270 753 1312 auno
785 1270 814 1312 u.
843 1270 869 1312 0.
900 1252 962 1313 768
997 1251 1110 1311 00110111
1142 1249 1294 1312 suffectus
1303 1248 1329 1330 ⁴)

153 1357 259 1419 Patris
282 1358 380 1420 huius
405 1359 465 1418 riri
496 1376 612 1419 nomeu
648 1359 680 1418 iu
714 1358 792 1419 actis
823 1357 958 1419 fratrum
991 1356 1159 1445 Arvalium
1195 1357 1272 1418 anni
1299 1377 1328 1438 p.

156 1463 326 1543 61111385)
357 1465 510 1526 traditum
536 1472 600 1543 est,
632 1463 688 1525 ubi
712 1485 738 1526 a.
763 1464 792 1524 d.
816 1463 875 1525 lX.
908 1462 1036 1526 Calend.
1068 1462 1145 1525 Juu.
1174 1464 1327 1545 legimus:

155 1576 199 1633 »et
223 1571 256 1631 in
280 1571 387 1632 locum
410 1570 451 1632 M.
477 1570 576 1633 Silani
602 1569 634 1632 6.
658 1570 732 1653 11111)
757 1573 788 1632 (Γ.
809 1569 1021 1653 Calpurnium
1040 1569 1192 1632 Pisonem
1215 1569 1329 1632 fratres

155 1677 290 1740 Arvales
314 1679 496 1760 cooptavit«
551 1677 600 1738 Ex
625 1677 724 1740 ’1110111
749 1680 833 1738 Anu.
858 1676 920 1757 HI,
947 1681 988 1739 oi
1013 1678 1230 1759 comperimus
1254 1695 1329 1739 eum

157 1803 241 1845 anno
265 1803 294 1865 p.
319 1783 390 1846 Chr.
415 1787 456 1846 22
482 1785 513 1846 in
545 1790 658 1846 serrutu
687 1786 850 1847 crensuisse
878 1792 931 1846 aut
965 1783 1103 1865 publicis
1131 1784 1330 1865 privatisque

154 1893 359 1953 monimentis
379 1892 614 1954 admemoriam
626 1899 804 1973 temporum
815 1911 879 1954 nou
904 1891 1073 1952 consulum
1097 1891 1329 1973 nomiuaprae·

155 1998 379 2079 scriberentur,
404 1999 459 2060 secl
484 2018 604 2063 eorum.
628 2000 684 2079 qui
708 1997 914 2059 tribuniciam
946 2001 1135 2080 potestatem
1158 2003 1329 2078 gererent«

243 2105 338 2166 Anuo
363 2113 470 2167 autem
500 2126 529 2187 p.
555 2104 625 2166 Chr.
651 2107 692 2168 33
718 2104 749 2167 O.
775 2103 890 2167 Caesar
919 2105 1131 2166 tlerrnanious
1161 2102 1203 2164 M.
1227 2103 1327 2166 Silani

153 2211 251 2273 filiam
271 2210 405 2274 Juniam
425 2211 616 2274 Claudillam
639 2213 670 2274 iu
690 2213 931 2274 matrimonium
951 2212 1090 2291 11111111),
1114 2210 1169 2272 sed
1190 2210 1328 2272 eundem

155 2317 280 2381 duobus
311 2319 405 2380 amris
432 2324 542 2400 postea
575 2338 721 2382 socerum
755 2338 866 2398 suum,
895 2324 931 2380 ut
962 2337 1076 2380 manus
1101 2316 1162 2379 sibi
1186 2315 1327 2397 inferret,

230 2620 249 2679 ¹l
268 2619 395 2686 Inprimis
415 2621 447 2672 cf.
468 2636 508 2686 ep.
528 2619 548 2685 I,
572 2624 594 2686 1,
614 2637 639 2672 r.
660 2625 694 2673 to
713 2637 802 2687 seqq:

365 2726 428 2793 ·›Eu,
448 2743 496 2795 ego
515 2743 560 2794 pro
580 2727 661 2779 sistro
680 2726 848 2795 Phrygiique
867 2727 996 2779 foramine
1015 2725 1081 2777 buxi

366 2815 461 2868 Gentis
480 2815 575 2868 Juleae
594 2815 704 2868 nomina
723 2820 818 2869 sauata
835 2817 898 2869 fero.

366 2904 507 2957 Vaticinor
525 2920 681 2972 moneoque,
701 2905 786 2958 locam
806 2906 869 2957 date
888 2921 966 2957 sacra
984 2904 1096 2956 serenti!

365 2993 425 3045 Non
445 2993 528 3059 mihi,
548 2995 595 3047 sed
614 3011 710 3062 magno
729 2994 851 3061 poscitur
870 2994 915 3046 illo
935 2994 1005 3046 deo«

223 3098 244 3165 ²)
263 3099 292 3150 111
311 3115 380 3151 vers.
401 3100 479 3166 epist.
499 3117 532 3152 ox
551 3099 636 3153 Ponto
655 3117 715 3169 pag.
736 3105 812 3154 2187.

224 3188 243 3254 3)
263 3194 295 3240 111
307 3189 432 3255 exposuit
444 3188 530 3242 Moru
539 3206 674 3242 macnus
692 3191 721 3242 in
740 3190 859 3258 epistula
872 3191 988 3258 quadam
1002 3190 1035 3242 ad
1048 3189 1208 3242 Honzenunr
1226 3192 1327 3259 scripta

151 3275 315 3344 (Herrzenz
346 3276 444 3330 »Suari
474 3277 520 3330 nol
547 3279 627 3331 bosco
655 3282 725 3332 ete«
756 3295 815 3347 pag.
847 3280 896 3346 11)
928 3282 956 3345 01
986 3280 1015 3331 111
1045 3279 1156 3347 Ephem.
1188 3279 1324 3347 epigraph.

152 3365 204 3418 rol.
224 3365 245 3431 I,
265 3382 324 3434 pag.
344 3370 378 3419 60
398 3383 452 3434 seq.
491 3366 541 3421 Cui
561 3368 710 3420 assentitur
729 3368 925 3437 Nipperdey
943 3385 1049 3436 quoquo
1069 3369 1102 3420 ad
1120 3368 1205 3422 Tacit.
1224 3371 1255 3421 A.
1275 3369 1325 3435 ΠΙ,

152 3457 185 3506 ‘24
206 3457 233 3506 el
251 3455 287 3515 Π,
308 3459 349 3508 59.
386 3455 553 3509 Errarerunt
572 3462 664 3509 autem
691 3458 741 3510 hae
760 3457 789 3509 111
814 3474 843 3510 10
865 3457 1040 3527 Borghesi:
1071 3457 1192 3511 Oeurres
1215 3458 1267 3511 vol.
1291 3457 1324 3524 V,

150 3559 211 3611 pag.
232 3547 284 3596 216
303 3544 348 3611 (=
367 3547 436 3597 Anu.
461 3545 547 3598 instit.
567 3547 639 3598 aroh.
659 3546 711 3599 rol.
731 3545 809 3614 XXI,
829 3563 889 3616 pag.
911 3547 967 3613 57),
987 3546 1114 3614 Pauly,
1134 3546 1237 3614 eneyol.
1257 3563 1277 3600 s.
1297 3563 1323 3599 v.

149 3631 294 3685 Teuffel.
320 3633 352 3684 R.
371 3634 400 3686 L.
422 3634 465 3686 G.³
485 3638 545 3702 276,
569 3640 594 3688 8.
635 3635 796 3704 Draeger.
822 3637 855 3690 ad
886 3636 970 3689 Tacit.
990 3636 1080 3704 Agric.
1105 3653 1127 3689 0.
1148 3641 1176 3703 4,
1203 3636 1249 3703 qui
1268 3635 1324 3688 illis

150 3719 217 3774 loeis
237 3721 274 3774 M.
294 3722 409 3775 Junium
427 3723 464 3776 M.
484 3726 501 3776 f.
521 3723 644 3777 Silanum
663 3724 877 3794 intellegendum
896 3741 955 3778 esso
973 3728 1148 3792 putaverunt.

221 3811 243 3879 ⁴)
263 3811 290 3864 O.
309 3811 333 3864 J.
349 3811 379 3864 L.
399 3812 451 3866 vol.
470 3812 484 3864 I
501 3828 559 3881 pag.
575 3817 623 3866 1911
643 3830 668 3865 n.
689 3817 740 3867 762
761 3814 805 3882 (ε
824 3813 941 3867 Ritschl.
961 3812 978 3866 l.
997 3812 1015 3866 l.
1036 3815 1089 3866 tab.
1111 3814 1151 3867 ΠΙ
1170 3815 1205 3883 sl:
1225 3813 1323 3883 »Chip-

150 3900 266 3952 santhus
285 3899 376 3953 Saufei
400 3900 442 3967 Sp.
462 3901 498 3952 id.
520 3917 582 3970 aug.
602 3903 682 3955 Drus.
703 3902 730 3956 C.
750 3902 786 3955 M.
807 3902 855 3956 Sil.
876 3902 949 3955 Cos«
968 3905 996 3955 et
1013 3921 1038 3955 u.
1059 3907 1126 3957 763:
1145 3903 1324 3957 »Fortunatus

150 3989 269 4043 Crustidi
282 3988 325 4056 Sp.
339 3989 371 4042 K.
386 3989 451 4042 Dee.
467 3990 547 4043 Drus.
561 3992 589 4043 G.
604 3990 640 4044 M.
655 3990 700 4044 Sil.
716 3991 788 4044 Cos«
800 3991 893 4044 Fasti
912 3993 1037 4045 Antiat.
1057 3993 1086 4044 in
1105 3993 1132 4046 (¹.
1146 3993 1170 4046 J.
1190 3992 1219 4045 L.
1239 3991 1290 4045 rol.
1301 3993 1323 4059 I,

148 4093 208 4147 pag.
230 4083 326 4132 47611.
346 4078 424 4131 XIV:
456 4079 575 4132 »Drusus
595 4081 694 4134 Caesar
718 4080 745 4135 C.
765 4081 910 4134 Norbanus
928 4080 1043 4135 Flaccus
1062 4081 1117 4134 Suf.
1136 4080 1173 4134 M.
1193 4080 1324 4134 Silanus«

220 4167 241 4235 ⁵)
261 4167 408 4220 Honzon:
423 4170 492 4222 Acta
504 4186 564 4238 pag.
579 4169 669 4222 XLIV
680 4194 713 4212 =
725 4171 752 4221 c.
767 4169 792 4221 J.
806 4168 835 4222 L.
849 4169 896 4236 VI,
913 4175 923 4222 1
940 4187 1000 4239 pag.
1015 4175 1066 4223 169
1085 4188 1111 4222 u.
1132 4173 1201 4223 ‘2028
1219 4169 1265 4222 lin.
1281 4175 1324 4223 35.

221 4256 240 4322 Β)
260 4256 360 4310 Tacit.
381 4259 450 4310 Anu.
470 4257 517 4319 Vl,
538 4262 579 4310 20.
