<?xml version="1.0" encoding="UTF-8"?>
<!DOCTYPE html PUBLIC "-//W3C//DTD XHTML 1.0 Transitional//EN"
    "http://www.w3.org/TR/xhtml1/DTD/xhtml1-transitional.dtd">
<html xmlns="http://www.w3.org/1999/xhtml" xml:lang="en" lang="en">
 <head>
  <title>
</title>
<meta http-equiv="Content-Type" content="text/html;charset=utf-8" />
  <meta name='ocr-system' content='tesseract 3.04.00' />
  <meta name='ocr-capabilities' content='ocr_page ocr_carea ocr_par ocr_line ocrx_word'/>
</head>
<body>
  <div class='ocr_page' id='page_1' title='image "./deamicoruminovi01loregoog_0057.png"; bbox 0 0 2962 4762; ppageno 0'>
   <div class='ocr_carea' id='block_1_1' title="bbox 630 169 903 233">
    <p class='ocr_par' dir='ltr' id='par_1_1' title="bbox 630 169 903 233">
     <span class='ocr_line' id='line_1_1' title="bbox 630 169 903 233; baseline 0 -1"><span class='ocrx_word' id='word_1_1' title='bbox 630 169 903 233; x_wconf 84' lang='grc' dir='ltr'>Ι-46--Ι</span> 
     </span>
    </p>
   </div>
   <div class='ocr_carea' id='block_1_2' title="bbox 64 345 1377 3622">
    <p class='ocr_par' dir='ltr' id='par_1_2' title="bbox 150 345 1345 960">
     <span class='ocr_line' id='line_1_2' title="bbox 150 345 1326 432; baseline 0.002 -29"><span class='ocrx_word' id='word_1_2' title='bbox 150 345 343 408; x_wconf 80' lang='lat' dir='ltr'>»carissime«</span> <span class='ocrx_word' id='word_1_3' title='bbox 366 368 461 411; x_wconf 89' lang='lat' dir='ltr'>usum</span> <span class='ocrx_word' id='word_1_4' title='bbox 485 354 584 432; x_wconf 86' lang='lat' dir='ltr'>esse¹)</span> <span class='ocrx_word' id='word_1_5' title='bbox 610 388 650 395; x_wconf 98' lang='lat'><strong>—</strong></span> <span class='ocrx_word' id='word_1_6' title='bbox 675 370 750 412; x_wconf 88' lang='lat' dir='ltr'>nam</span> <span class='ocrx_word' id='word_1_7' title='bbox 773 352 849 413; x_wconf 89' lang='lat' dir='ltr'>talia</span> <span class='ocrx_word' id='word_1_8' title='bbox 874 349 1020 432; x_wconf 84' lang='lat' dir='ltr'>exempla</span> <span class='ocrx_word' id='word_1_9' title='bbox 1045 349 1133 410; x_wconf 87' lang='lat' dir='ltr'>velut</span> <span class='ocrx_word' id='word_1_10' title='bbox 1157 365 1198 409; x_wconf 84' lang='lat' dir='ltr'>ex</span> <span class='ocrx_word' id='word_1_11' title='bbox 1222 345 1326 408; x_wconf 82' lang='lat' dir='ltr'>Ponto</span> 
     </span>
     <span class='ocr_line' id='line_1_3' title="bbox 150 448 1328 538; baseline -0.004 -22"><span class='ocrx_word' id='word_1_12' title='bbox 150 448 207 529; x_wconf 74' lang='lat' dir='ltr'>IV,</span> <span class='ocrx_word' id='word_1_13' title='bbox 232 453 260 530; x_wconf 84' lang='grc'>8,</span> <span class='ocrx_word' id='word_1_14' title='bbox 286 454 341 515; x_wconf 87' lang='grc'>89;</span> <span class='ocrx_word' id='word_1_15' title='bbox 375 475 469 519; x_wconf 87' lang='lat' dir='ltr'>»care</span> <span class='ocrx_word' id='word_1_16' title='bbox 493 457 602 520; x_wconf 82' lang='lat' dir='ltr'>Suilli«</span> <span class='ocrx_word' id='word_1_17' title='bbox 635 479 699 520; x_wconf 91' lang='lat' dir='ltr'>non</span> <span class='ocrx_word' id='word_1_18' title='bbox 730 464 806 521; x_wconf 90' lang='lat' dir='ltr'>sunt</span> <span class='ocrx_word' id='word_1_19' title='bbox 837 457 992 536; x_wconf 72' lang='lat' dir='ltr'>curanda,</span> <span class='ocrx_word' id='word_1_20' title='bbox 1024 456 1099 538; x_wconf 89' lang='lat' dir='ltr'>quia</span> <span class='ocrx_word' id='word_1_21' title='bbox 1128 471 1247 515; x_wconf 87' lang='lat' dir='ltr'>nomen</span> <span class='ocrx_word' id='word_1_22' title='bbox 1279 455 1328 513; x_wconf 88' lang='lat' dir='ltr'>est</span> 
     </span>
     <span class='ocr_line' id='line_1_4' title="bbox 152 559 1345 652; baseline 0.001 -34"><span class='ocrx_word' id='word_1_23' title='bbox 152 560 332 639; x_wconf 94' lang='lat' dir='ltr'>appositum</span> <span class='ocrx_word' id='word_1_24' title='bbox 344 562 490 626; x_wconf 83' lang='lat' dir='ltr'>—illum</span> <span class='ocrx_word' id='word_1_25' title='bbox 506 584 584 628; x_wconf 89' lang='lat' dir='ltr'>voce</span> <span class='ocrx_word' id='word_1_26' title='bbox 600 585 701 629; x_wconf 87' lang='lat' dir='ltr'>»care«</span> <span class='ocrx_word' id='word_1_27' title='bbox 719 567 859 628; x_wconf 90' lang='lat' dir='ltr'>amicum</span> <span class='ocrx_word' id='word_1_28' title='bbox 873 564 1035 646; x_wconf 84' lang='lat' dir='ltr'>quendam</span> <span class='ocrx_word' id='word_1_29' title='bbox 1046 559 1227 643; x_wconf 90' lang='lat' dir='ltr'>significare</span> <span class='ocrx_word' id='word_1_30' title='bbox 1242 564 1328 620; x_wconf 90' lang='lat' dir='ltr'>certe</span> <span class='ocrx_word' id='word_1_31' title='bbox 1341 643 1345 652; x_wconf 22' lang='grc'>1</span> 
     </span>
     <span class='ocr_line' id='line_1_5' title="bbox 152 663 1328 755; baseline 0.001 -31"><span class='ocrx_word' id='word_1_32' title='bbox 152 663 244 727; x_wconf 89' lang='lat' dir='ltr'>nobis</span> <span class='ocrx_word' id='word_1_33' title='bbox 268 668 448 747; x_wconf 90' lang='lat' dir='ltr'>putandum</span> <span class='ocrx_word' id='word_1_34' title='bbox 473 677 527 734; x_wconf 88' lang='lat' dir='ltr'>est.</span> <span class='ocrx_word' id='word_1_35' title='bbox 575 672 776 755; x_wconf 87' lang='lat' dir='ltr'>impedimur</span> <span class='ocrx_word' id='word_1_36' title='bbox 795 677 903 734; x_wconf 86' lang='lat' dir='ltr'>autem</span> <span class='ocrx_word' id='word_1_37' title='bbox 926 689 967 732; x_wconf 90' lang='grc'>110</span> <span class='ocrx_word' id='word_1_38' title='bbox 990 667 1176 749; x_wconf 80' lang='lat' dir='ltr'>insequenti</span> <span class='ocrx_word' id='word_1_39' title='bbox 1196 664 1328 747; x_wconf 90' lang='lat' dir='ltr'>quidem</span> 
     </span>
     <span class='ocr_line' id='line_1_6' title="bbox 152 772 1329 862; baseline -0.001 -29"><span class='ocrx_word' id='word_1_40' title='bbox 152 790 265 834; x_wconf 80' lang='lat' dir='ltr'>versu:</span> <span class='ocrx_word' id='word_1_41' title='bbox 290 773 374 837; x_wconf 75' lang='lat' dir='ltr'>»Scis</span> <span class='ocrx_word' id='word_1_42' title='bbox 398 795 523 840; x_wconf 88' lang='lat' dir='ltr'>carum«</span> <span class='ocrx_word' id='word_1_43' title='bbox 547 785 614 860; x_wconf 73' lang='lat' dir='ltr'>etc,</span> <span class='ocrx_word' id='word_1_44' title='bbox 631 781 805 862; x_wconf 88' lang='lat' dir='ltr'>quominus</span> <span class='ocrx_word' id='word_1_45' title='bbox 829 778 921 839; x_wconf 94' lang='lat' dir='ltr'>illum</span> <span class='ocrx_word' id='word_1_46' title='bbox 946 777 1085 839; x_wconf 92' lang='lat' dir='ltr'>amicum</span> <span class='ocrx_word' id='word_1_47' title='bbox 1111 772 1228 836; x_wconf 81' lang='lat' dir='ltr'>Carum</span> <span class='ocrx_word' id='word_1_48' title='bbox 1252 789 1329 833; x_wconf 82' lang='lat' dir='ltr'>rere</span> 
     </span>
     <span class='ocr_line' id='line_1_7' title="bbox 154 879 667 960; baseline 0.018 -21"><span class='ocrx_word' id='word_1_49' title='bbox 154 879 350 960; x_wconf 86' lang='lat' dir='ltr'>appellatum</span> <span class='ocrx_word' id='word_1_50' title='bbox 374 901 442 947; x_wconf 87' lang='grc'>0000</span> <span class='ocrx_word' id='word_1_51' title='bbox 467 885 667 950; x_wconf 78' lang='lat' dir='ltr'>arbitremur.</span> 
     </span>
    </p>

    <p class='ocr_par' dir='ltr' id='par_1_3' title="bbox 64 985 1377 2786">
     <span class='ocr_line' id='line_1_8' title="bbox 245 985 1330 1074; baseline -0.003 -25"><span class='ocrx_word' id='word_1_52' title='bbox 245 985 325 1050; x_wconf 82' lang='lat' dir='ltr'>Cum</span> <span class='ocrx_word' id='word_1_53' title='bbox 366 992 452 1052; x_wconf 89' lang='lat' dir='ltr'>enim</span> <span class='ocrx_word' id='word_1_54' title='bbox 486 991 602 1056; x_wconf 84' lang='lat' dir='ltr'>Oridio</span> <span class='ocrx_word' id='word_1_55' title='bbox 640 994 700 1057; x_wconf 89' lang='lat' dir='ltr'>hoc</span> <span class='ocrx_word' id='word_1_56' title='bbox 736 994 826 1057; x_wconf 85' lang='lat' dir='ltr'>exilii</span> <span class='ocrx_word' id='word_1_57' title='bbox 860 997 1002 1074; x_wconf 89' lang='lat' dir='ltr'>tempore</span> <span class='ocrx_word' id='word_1_58' title='bbox 1040 987 1184 1050; x_wconf 91' lang='lat' dir='ltr'>nondum</span> <span class='ocrx_word' id='word_1_59' title='bbox 1218 986 1330 1047; x_wconf 88' lang='lat' dir='ltr'>liceret</span> 
     </span>
     <span class='ocr_line' id='line_1_9' title="bbox 155 1095 1331 1184; baseline 0.001 -31"><span class='ocrx_word' id='word_1_60' title='bbox 155 1095 286 1156; x_wconf 90' lang='lat' dir='ltr'>nomina</span> <span class='ocrx_word' id='word_1_61' title='bbox 318 1097 495 1161; x_wconf 91' lang='lat' dir='ltr'>amicorum</span> <span class='ocrx_word' id='word_1_62' title='bbox 525 1120 657 1163; x_wconf 89' lang='lat' dir='ltr'>suorum</span> <span class='ocrx_word' id='word_1_63' title='bbox 686 1107 794 1184; x_wconf 86' lang='lat' dir='ltr'>aperte</span> <span class='ocrx_word' id='word_1_64' title='bbox 823 1097 1021 1164; x_wconf 79' lang='lat' dir='ltr'>carminibus</span> <span class='ocrx_word' id='word_1_65' title='bbox 1049 1097 1190 1157; x_wconf 88' lang='lat' dir='ltr'>inserere</span> <span class='ocrx_word' id='word_1_66' title='bbox 1222 1111 1331 1174; x_wconf 86' lang='lat' dir='ltr'>neque</span> 
     </span>
     <span class='ocr_line' id='line_1_10' title="bbox 154 1199 1330 1290; baseline -0.003 -26"><span class='ocrx_word' id='word_1_67' title='bbox 154 1199 223 1279; x_wconf 84' lang='grc'>11111,</span> <span class='ocrx_word' id='word_1_68' title='bbox 249 1202 328 1283; x_wconf 92' lang='lat' dir='ltr'>quin</span> <span class='ocrx_word' id='word_1_69' title='bbox 351 1222 429 1266; x_wconf 83' lang='lat' dir='ltr'>voce</span> <span class='ocrx_word' id='word_1_70' title='bbox 447 1225 549 1269; x_wconf 69' lang='lat' dir='ltr'>»caro«</span> <span class='ocrx_word' id='word_1_71' title='bbox 573 1206 673 1270; x_wconf 81' lang='lat' dir='ltr'>Carus</span> <span class='ocrx_word' id='word_1_72' title='bbox 697 1209 941 1290; x_wconf 74' lang='lat' dir='ltr'>significaretur,</span> <span class='ocrx_word' id='word_1_73' title='bbox 962 1203 1099 1266; x_wconf 90' lang='lat' dir='ltr'>dubium</span> <span class='ocrx_word' id='word_1_74' title='bbox 1122 1219 1191 1264; x_wconf 88' lang='lat' dir='ltr'>esse</span> <span class='ocrx_word' id='word_1_75' title='bbox 1213 1206 1330 1282; x_wconf 74' lang='lat' dir='ltr'>posset,</span> 
     </span>
     <span class='ocr_line' id='line_1_11' title="bbox 153 1306 1332 1393; baseline -0.001 -26"><span class='ocrx_word' id='word_1_76' title='bbox 153 1306 339 1389; x_wconf 87' lang='lat' dir='ltr'>ambiguam</span> <span class='ocrx_word' id='word_1_77' title='bbox 371 1313 519 1393; x_wconf 90' lang='lat' dir='ltr'>apposuit</span> <span class='ocrx_word' id='word_1_78' title='bbox 547 1318 746 1378; x_wconf 87' lang='lat' dir='ltr'>sententiam.</span> <span class='ocrx_word' id='word_1_79' title='bbox 797 1314 880 1377; x_wconf 81' lang='lat' dir='ltr'>Nam</span> <span class='ocrx_word' id='word_1_80' title='bbox 909 1314 936 1375; x_wconf 89' lang='lat' dir='ltr'>si</span> <span class='ocrx_word' id='word_1_81' title='bbox 966 1312 1004 1374; x_wconf 87' lang='lat' dir='ltr'>de</span> <span class='ocrx_word' id='word_1_82' title='bbox 1033 1309 1189 1372; x_wconf 78' lang='lat' dir='ltr'>adiectiro</span> <span class='ocrx_word' id='word_1_83' title='bbox 1217 1324 1332 1368; x_wconf 78' lang='lat' dir='ltr'>»caro«</span> 
     </span>
     <span class='ocr_line' id='line_1_12' title="bbox 156 1400 1329 1497; baseline -0.002 -23"><span class='ocrx_word' id='word_1_84' title='bbox 156 1415 342 1495; x_wconf 73' lang='lat' dir='ltr'>cogitamus,</span> <span class='ocrx_word' id='word_1_85' title='bbox 369 1417 429 1480; x_wconf 91' lang='lat' dir='ltr'>hoc</span> <span class='ocrx_word' id='word_1_86' title='bbox 452 1420 646 1484; x_wconf 86' lang='lat' dir='ltr'>vocabulum</span> <span class='ocrx_word' id='word_1_87' title='bbox 676 1429 730 1485; x_wconf 86' lang='lat' dir='ltr'>aut</span> <span class='ocrx_word' id='word_1_88' title='bbox 761 1423 896 1486; x_wconf 88' lang='lat' dir='ltr'>eandem</span> <span class='ocrx_word' id='word_1_89' title='bbox 928 1400 1077 1497; x_wconf 83' lang='lat' dir='ltr'>formam,</span> <span class='ocrx_word' id='word_1_90' title='bbox 1107 1434 1204 1497; x_wconf 90' lang='lat' dir='ltr'>quam</span> <span class='ocrx_word' id='word_1_91' title='bbox 1235 1413 1329 1474; x_wconf 86' lang='lat' dir='ltr'>amici</span> 
     </span>
     <span class='ocr_line' id='line_1_13' title="bbox 64 1520 1331 1608; baseline -0.001 -28"><span class='ocrx_word' id='word_1_92' title='bbox 64 1582 65 1589; x_wconf 17' lang='lat'>¹</span> <span class='ocrx_word' id='word_1_93' title='bbox 157 1539 275 1582; x_wconf 90' lang='lat' dir='ltr'>nomen</span> <span class='ocrx_word' id='word_1_94' title='bbox 299 1522 415 1586; x_wconf 90' lang='lat' dir='ltr'>habere</span> <span class='ocrx_word' id='word_1_95' title='bbox 440 1532 495 1588; x_wconf 92' lang='lat' dir='ltr'>aut</span> <span class='ocrx_word' id='word_1_96' title='bbox 518 1527 599 1590; x_wconf 90' lang='lat' dir='ltr'>nihil</span> <span class='ocrx_word' id='word_1_97' title='bbox 623 1530 686 1592; x_wconf 92' lang='lat' dir='ltr'>nisi</span> <span class='ocrx_word' id='word_1_98' title='bbox 707 1530 933 1592; x_wconf 80' lang='lat' dir='ltr'>allocutionem</span> <span class='ocrx_word' id='word_1_99' title='bbox 958 1525 1120 1608; x_wconf 88' lang='lat' dir='ltr'>quandam</span> <span class='ocrx_word' id='word_1_100' title='bbox 1139 1520 1331 1583; x_wconf 85' lang='lat' dir='ltr'>familiarem</span> 
     </span>
     <span class='ocr_line' id='line_1_14' title="bbox 158 1627 1332 1717; baseline -0.002 -29"><span class='ocrx_word' id='word_1_101' title='bbox 158 1645 194 1688; x_wconf 94' lang='grc'>00</span> <span class='ocrx_word' id='word_1_102' title='bbox 218 1629 303 1708; x_wconf 87' lang='grc'>1000,</span> <span class='ocrx_word' id='word_1_103' title='bbox 327 1629 384 1692; x_wconf 92' lang='lat' dir='ltr'>ubi</span> <span class='ocrx_word' id='word_1_104' title='bbox 407 1638 519 1714; x_wconf 90' lang='lat' dir='ltr'>poetae</span> <span class='ocrx_word' id='word_1_105' title='bbox 542 1654 656 1698; x_wconf 90' lang='lat' dir='ltr'>verum</span> <span class='ocrx_word' id='word_1_106' title='bbox 679 1638 773 1699; x_wconf 89' lang='lat' dir='ltr'>amici</span> <span class='ocrx_word' id='word_1_107' title='bbox 797 1654 915 1698; x_wconf 88' lang='lat' dir='ltr'>nomen</span> <span class='ocrx_word' id='word_1_108' title='bbox 938 1631 1125 1717; x_wconf 91' lang='lat' dir='ltr'>ponendum</span> <span class='ocrx_word' id='word_1_109' title='bbox 1148 1632 1224 1707; x_wconf 81' lang='grc'>0101,</span> <span class='ocrx_word' id='word_1_110' title='bbox 1247 1627 1332 1709; x_wconf 88' lang='lat' dir='ltr'>posi-</span> 
     </span>
     <span class='ocr_line' id='line_1_15' title="bbox 157 1737 1332 1822; baseline -0.002 -28"><span class='ocrx_word' id='word_1_111' title='bbox 157 1738 223 1795; x_wconf 91' lang='lat' dir='ltr'>tam</span> <span class='ocrx_word' id='word_1_112' title='bbox 247 1753 316 1797; x_wconf 88' lang='lat' dir='ltr'>esse</span> <span class='ocrx_word' id='word_1_113' title='bbox 339 1737 483 1822; x_wconf 83' lang='lat' dir='ltr'>intellegi</span> <span class='ocrx_word' id='word_1_114' title='bbox 506 1748 617 1822; x_wconf 90' lang='lat' dir='ltr'>potest.</span> <span class='ocrx_word' id='word_1_115' title='bbox 670 1743 820 1806; x_wconf 88' lang='lat' dir='ltr'>Nostram</span> <span class='ocrx_word' id='word_1_116' title='bbox 845 1748 952 1805; x_wconf 89' lang='lat' dir='ltr'>autem</span> <span class='ocrx_word' id='word_1_117' title='bbox 977 1740 1111 1822; x_wconf 82' lang='lat' dir='ltr'>elegiam</span> <span class='ocrx_word' id='word_1_118' title='bbox 1135 1737 1258 1798; x_wconf 90' lang='lat' dir='ltr'>sicum</span> <span class='ocrx_word' id='word_1_119' title='bbox 1284 1752 1332 1814; x_wconf 92' lang='lat' dir='ltr'>ep.</span> 
     </span>
     <span class='ocr_line' id='line_1_16' title="bbox 157 1838 1332 1931; baseline -0.002 -30"><span class='ocrx_word' id='word_1_120' title='bbox 157 1857 200 1901; x_wconf 83' lang='lat' dir='ltr'>ex</span> <span class='ocrx_word' id='word_1_121' title='bbox 223 1840 326 1904; x_wconf 90' lang='lat' dir='ltr'>Ponto</span> <span class='ocrx_word' id='word_1_122' title='bbox 350 1843 407 1925; x_wconf 81' lang='lat' dir='ltr'>IV,</span> <span class='ocrx_word' id='word_1_123' title='bbox 434 1849 472 1909; x_wconf 88' lang='lat'>13</span> <span class='ocrx_word' id='word_1_124' title='bbox 498 1867 735 1931; x_wconf 61' lang='lat' dir='ltr'>comparamus7</span> <span class='ocrx_word' id='word_1_125' title='bbox 763 1856 916 1929; x_wconf 81' lang='lat' dir='ltr'>nonest,</span> <span class='ocrx_word' id='word_1_126' title='bbox 949 1867 1008 1910; x_wconf 88' lang='grc'>0111</span> <span class='ocrx_word' id='word_1_127' title='bbox 1036 1864 1106 1907; x_wconf 91' lang='lat' dir='ltr'>eam</span> <span class='ocrx_word' id='word_1_128' title='bbox 1131 1841 1171 1904; x_wconf 90' lang='lat' dir='ltr'>ad</span> <span class='ocrx_word' id='word_1_129' title='bbox 1195 1838 1332 1903; x_wconf 90' lang='lat' dir='ltr'>eundem</span> 
     </span>
     <span class='ocr_line' id='line_1_17' title="bbox 160 1945 1333 2037; baseline -0.003 -29"><span class='ocrx_word' id='word_1_130' title='bbox 160 1945 277 2010; x_wconf 79' lang='lat' dir='ltr'>Garum</span> <span class='ocrx_word' id='word_1_131' title='bbox 310 1958 452 2032; x_wconf 85' lang='lat' dir='ltr'>spectare</span> <span class='ocrx_word' id='word_1_132' title='bbox 489 1973 653 2037; x_wconf 82' lang='lat' dir='ltr'>negemus.</span> <span class='ocrx_word' id='word_1_133' title='bbox 711 1956 813 2018; x_wconf 84' lang='lat' dir='ltr'>immo</span> <span class='ocrx_word' id='word_1_134' title='bbox 852 1957 970 2037; x_wconf 90' lang='lat' dir='ltr'>optime</span> <span class='ocrx_word' id='word_1_135' title='bbox 1004 1951 1140 2034; x_wconf 86' lang='lat' dir='ltr'>quadrat</span> <span class='ocrx_word' id='word_1_136' title='bbox 1172 1947 1213 2010; x_wconf 91' lang='lat' dir='ltr'>ad</span> <span class='ocrx_word' id='word_1_137' title='bbox 1244 1945 1333 2007; x_wconf 90' lang='lat' dir='ltr'>huno</span> 
     </span>
     <span class='ocr_line' id='line_1_18' title="bbox 158 2052 1377 2144; baseline -0.002 -30"><span class='ocrx_word' id='word_1_138' title='bbox 158 2055 300 2116; x_wconf 90' lang='lat' dir='ltr'>amicum</span> <span class='ocrx_word' id='word_1_139' title='bbox 322 2076 398 2121; x_wconf 88' lang='lat' dir='ltr'>vere</span> <span class='ocrx_word' id='word_1_140' title='bbox 423 2079 545 2142; x_wconf 75' lang='lat' dir='ltr'>carum,</span> <span class='ocrx_word' id='word_1_141' title='bbox 575 2064 660 2144; x_wconf 93' lang='lat' dir='ltr'>quod</span> <span class='ocrx_word' id='word_1_142' title='bbox 690 2069 797 2126; x_wconf 85' lang='lat' dir='ltr'>tantae</span> <span class='ocrx_word' id='word_1_143' title='bbox 827 2060 1078 2138; x_wconf 82' lang='lat' dir='ltr'>misericordiae,</span> <span class='ocrx_word' id='word_1_144' title='bbox 1106 2056 1187 2118; x_wconf 91' lang='lat' dir='ltr'>tanti</span> <span class='ocrx_word' id='word_1_145' title='bbox 1216 2052 1334 2116; x_wconf 86' lang='lat' dir='ltr'>amoris</span> <span class='ocrx_word' id='word_1_146' title='bbox 1375 2130 1377 2134; x_wconf 17' lang='grc' dir='ltr'><strong><em>ι</em></strong></span> 
     </span>
     <span class='ocr_line' id='line_1_19' title="bbox 158 2158 1334 2251; baseline -0.003 -30"><span class='ocrx_word' id='word_1_147' title='bbox 158 2160 300 2247; x_wconf 88' lang='lat' dir='ltr'>fideique</span> <span class='ocrx_word' id='word_1_148' title='bbox 323 2163 455 2245; x_wconf 91' lang='lat' dir='ltr'>plenum</span> <span class='ocrx_word' id='word_1_149' title='bbox 476 2186 550 2251; x_wconf 89' lang='lat' dir='ltr'>erga</span> <span class='ocrx_word' id='word_1_150' title='bbox 571 2167 723 2232; x_wconf 90' lang='lat' dir='ltr'>Ovidium</span> <span class='ocrx_word' id='word_1_151' title='bbox 748 2171 926 2232; x_wconf 84' lang='lat' dir='ltr'>calamitate</span> <span class='ocrx_word' id='word_1_152' title='bbox 946 2166 1102 2230; x_wconf 87' lang='lat' dir='ltr'>afflictum</span> <span class='ocrx_word' id='word_1_153' title='bbox 1125 2181 1159 2225; x_wconf 90' lang='lat' dir='ltr'>se</span> <span class='ocrx_word' id='word_1_154' title='bbox 1178 2158 1334 2244; x_wconf 71' lang='lat' dir='ltr'>praebuit,</span> 
     </span>
     <span class='ocr_line' id='line_1_20' title="bbox 162 2258 1344 2356; baseline -0.003 -28"><span class='ocrx_word' id='word_1_155' title='bbox 162 2273 198 2329; x_wconf 92' lang='lat' dir='ltr'>ut</span> <span class='ocrx_word' id='word_1_156' title='bbox 221 2270 297 2330; x_wconf 91' lang='lat' dir='ltr'>satis</span> <span class='ocrx_word' id='word_1_157' title='bbox 316 2289 397 2333; x_wconf 80' lang='lat' dir='ltr'>vers.</span> <span class='ocrx_word' id='word_1_158' title='bbox 424 2277 442 2334; x_wconf 84' lang='lat'>7</span> <span class='ocrx_word' id='word_1_159' title='bbox 464 2293 550 2356; x_wconf 89' lang='lat' dir='ltr'>seqq.</span> <span class='ocrx_word' id='word_1_160' title='bbox 575 2275 671 2338; x_wconf 91' lang='lat' dir='ltr'>huius</span> <span class='ocrx_word' id='word_1_161' title='bbox 696 2279 849 2339; x_wconf 86' lang='lat' dir='ltr'>carminis</span> <span class='ocrx_word' id='word_1_162' title='bbox 869 2276 1098 2339; x_wconf 85' lang='lat' dir='ltr'>demonstrant.</span> <span class='ocrx_word' id='word_1_163' title='bbox 1132 2258 1344 2343; x_wconf 77' lang='lat' dir='ltr'>Quinetiam</span> 
     </span>
     <span class='ocr_line' id='line_1_21' title="bbox 161 2373 1354 2466; baseline -0.003 -30"><span class='ocrx_word' id='word_1_164' title='bbox 161 2375 200 2437; x_wconf 90' lang='lat' dir='ltr'>de</span> <span class='ocrx_word' id='word_1_165' title='bbox 230 2382 323 2458; x_wconf 90' lang='lat' dir='ltr'>poeta</span> <span class='ocrx_word' id='word_1_166' title='bbox 354 2378 494 2461; x_wconf 87' lang='lat' dir='ltr'>relegato</span> <span class='ocrx_word' id='word_1_167' title='bbox 527 2381 609 2445; x_wconf 90' lang='lat' dir='ltr'>bene</span> <span class='ocrx_word' id='word_1_168' title='bbox 639 2390 780 2447; x_wconf 89' lang='lat' dir='ltr'>meretur</span> <span class='ocrx_word' id='word_1_169' title='bbox 808 2384 860 2445; x_wconf 87' lang='lat' dir='ltr'>hic</span> <span class='ocrx_word' id='word_1_170' title='bbox 887 2384 939 2444; x_wconf 89' lang='grc'>111</span> <span class='ocrx_word' id='word_1_171' title='bbox 967 2397 1105 2461; x_wconf 81' lang='lat' dir='ltr'>cunique</span> <span class='ocrx_word' id='word_1_172' title='bbox 1138 2373 1280 2438; x_wconf 87' lang='lat' dir='ltr'>defendit</span> <span class='ocrx_word' id='word_1_173' title='bbox 1304 2377 1354 2466; x_wconf 63' lang='lat' dir='ltr'>et⁴</span> 
     </span>
     <span class='ocr_line' id='line_1_22' title="bbox 160 2481 1335 2572; baseline -0.003 -30"><span class='ocrx_word' id='word_1_174' title='bbox 160 2482 262 2544; x_wconf 88' lang='lat' dir='ltr'>multa</span> <span class='ocrx_word' id='word_1_175' title='bbox 286 2483 378 2565; x_wconf 90' lang='lat' dir='ltr'>signa</span> <span class='ocrx_word' id='word_1_176' title='bbox 396 2487 557 2550; x_wconf 84' lang='lat' dir='ltr'>manifesti</span> <span class='ocrx_word' id='word_1_177' title='bbox 576 2489 695 2553; x_wconf 85' lang='lat' dir='ltr'>favoris</span> <span class='ocrx_word' id='word_1_178' title='bbox 716 2493 745 2554; x_wconf 91' lang='lat' dir='ltr'>ei</span> <span class='ocrx_word' id='word_1_179' title='bbox 764 2490 878 2552; x_wconf 85' lang='lat' dir='ltr'>tribuit</span> <span class='ocrx_word' id='word_1_180' title='bbox 901 2490 943 2572; x_wconf 82' lang='lat' dir='ltr'>(r.</span> <span class='ocrx_word' id='word_1_181' title='bbox 966 2491 1005 2551; x_wconf 84' lang='lat'>17</span> <span class='ocrx_word' id='word_1_182' title='bbox 1026 2485 1135 2567; x_wconf 79' lang='lat' dir='ltr'>seqq).</span> <span class='ocrx_word' id='word_1_183' title='bbox 1165 2481 1335 2544; x_wconf 85' lang='lat' dir='ltr'>Praeterea</span> 
     </span>
     <span class='ocr_line' id='line_1_23' title="bbox 163 2587 1334 2680; baseline -0.003 -32"><span class='ocrx_word' id='word_1_184' title='bbox 163 2592 269 2650; x_wconf 91' lang='lat' dir='ltr'>autem</span> <span class='ocrx_word' id='word_1_185' title='bbox 293 2595 402 2652; x_wconf 89' lang='lat' dir='ltr'>nostra</span> <span class='ocrx_word' id='word_1_186' title='bbox 421 2596 580 2658; x_wconf 87' lang='lat' dir='ltr'>sententia</span> <span class='ocrx_word' id='word_1_187' title='bbox 604 2615 640 2658; x_wconf 93' lang='lat' dir='ltr'>eo</span> <span class='ocrx_word' id='word_1_188' title='bbox 660 2598 814 2680; x_wconf 89' lang='lat' dir='ltr'>probatur</span> <span class='ocrx_word' id='word_1_189' title='bbox 838 2603 869 2660; x_wconf 92' lang='grc'>01</span> <span class='ocrx_word' id='word_1_190' title='bbox 888 2595 1074 2672; x_wconf 72' lang='lat' dir='ltr'>affirmatur,</span> <span class='ocrx_word' id='word_1_191' title='bbox 1098 2589 1192 2672; x_wconf 82' lang='lat' dir='ltr'>qnod,</span> <span class='ocrx_word' id='word_1_192' title='bbox 1215 2587 1334 2649; x_wconf 91' lang='lat' dir='ltr'>utiam</span> 
     </span>
     <span class='ocr_line' id='line_1_24' title="bbox 161 2693 928 2786; baseline 0.012 -31"><span class='ocrx_word' id='word_1_193' title='bbox 161 2693 316 2757; x_wconf 89' lang='lat' dir='ltr'>Heinsius</span> <span class='ocrx_word' id='word_1_194' title='bbox 338 2696 429 2777; x_wconf 76' lang='lat' dir='ltr'>vidit,</span> <span class='ocrx_word' id='word_1_195' title='bbox 452 2719 548 2763; x_wconf 89' lang='lat' dir='ltr'>versu</span> <span class='ocrx_word' id='word_1_196' title='bbox 573 2705 615 2764; x_wconf 81' lang='lat'>42</span> <span class='ocrx_word' id='word_1_197' title='bbox 639 2711 766 2767; x_wconf 87' lang='lat' dir='ltr'>nostrae</span> <span class='ocrx_word' id='word_1_198' title='bbox 790 2705 928 2786; x_wconf 87' lang='lat' dir='ltr'>elegiae:</span> 
     </span>
    </p>

    <p class='ocr_par' dir='ltr' id='par_1_4' title="bbox 161 2803 1336 3001">
     <span class='ocr_line' id='line_1_25' title="bbox 343 2803 1144 2893; baseline 0.006 -33"><span class='ocrx_word' id='word_1_199' title='bbox 343 2803 504 2869; x_wconf 87' lang='lat' dir='ltr'>»Junonis</span> <span class='ocrx_word' id='word_1_200' title='bbox 527 2828 625 2892; x_wconf 90' lang='lat' dir='ltr'>gener</span> <span class='ocrx_word' id='word_1_201' title='bbox 649 2817 711 2892; x_wconf 88' lang='grc'>001,</span> <span class='ocrx_word' id='word_1_202' title='bbox 737 2813 791 2893; x_wconf 91' lang='lat' dir='ltr'>qui</span> <span class='ocrx_word' id='word_1_203' title='bbox 816 2811 905 2893; x_wconf 89' lang='lat' dir='ltr'>prius</span> <span class='ocrx_word' id='word_1_204' title='bbox 935 2808 1036 2870; x_wconf 90' lang='lat' dir='ltr'>hostis</span> <span class='ocrx_word' id='word_1_205' title='bbox 1059 2809 1144 2868; x_wconf 78' lang='lat' dir='ltr'>erat«</span> 
     </span>
     <span class='ocr_line' id='line_1_26' title="bbox 161 2898 1336 3001; baseline -0.003 -33"><span class='ocrx_word' id='word_1_206' title='bbox 161 2906 204 2968; x_wconf 89' lang='lat' dir='ltr'>ad</span> <span class='ocrx_word' id='word_1_207' title='bbox 214 2908 398 2988; x_wconf 91' lang='lat' dir='ltr'>apotheosin</span> <span class='ocrx_word' id='word_1_208' title='bbox 408 2912 497 2975; x_wconf 94' lang='lat' dir='ltr'>illam</span> <span class='ocrx_word' id='word_1_209' title='bbox 505 2914 683 3000; x_wconf 63' lang='lat' dir='ltr'>Herculisl)</span> <span class='ocrx_word' id='word_1_210' title='bbox 696 2920 734 2985; x_wconf 88' lang='lat' dir='ltr'>de</span> <span class='ocrx_word' id='word_1_211' title='bbox 746 2938 810 3001; x_wconf 89' lang='lat' dir='ltr'>qua</span> <span class='ocrx_word' id='word_1_212' title='bbox 819 2936 916 2999; x_wconf 90' lang='lat' dir='ltr'>supra</span> <span class='ocrx_word' id='word_1_213' title='bbox 927 2898 1083 2992; x_wconf 72' lang='grc'>(1111111110,</span> <span class='ocrx_word' id='word_1_214' title='bbox 1089 2910 1218 2972; x_wconf 86' lang='lat' dir='ltr'>videtur</span> <span class='ocrx_word' id='word_1_215' title='bbox 1228 2904 1336 2968; x_wconf 90' lang='lat' dir='ltr'>alludi.</span> 
     </span>
    </p>

    <p class='ocr_par' dir='ltr' id='par_1_5' title="bbox 160 3011 1338 3289">
     <span class='ocr_line' id='line_1_27' title="bbox 252 3011 1336 3106; baseline -0.004 -32"><span class='ocrx_word' id='word_1_216' title='bbox 252 3012 417 3092; x_wconf 77' lang='lat' dir='ltr'>Miramur,</span> <span class='ocrx_word' id='word_1_217' title='bbox 450 3040 509 3083; x_wconf 90' lang='lat' dir='ltr'>cur</span> <span class='ocrx_word' id='word_1_218' title='bbox 540 3044 605 3087; x_wconf 88' lang='lat' dir='ltr'>non</span> <span class='ocrx_word' id='word_1_219' title='bbox 634 3028 655 3088; x_wconf 91' lang='grc'><strong>4</strong></span> <span class='ocrx_word' id='word_1_220' title='bbox 685 3044 814 3106; x_wconf 86' lang='lat' dir='ltr'>quoque</span> <span class='ocrx_word' id='word_1_221' title='bbox 847 3023 1010 3105; x_wconf 90' lang='lat' dir='ltr'>elegiam</span> <span class='ocrx_word' id='word_1_222' title='bbox 1044 3016 1215 3082; x_wconf 86' lang='lat' dir='ltr'>eiusdem</span> <span class='ocrx_word' id='word_1_223' title='bbox 1244 3011 1336 3074; x_wconf 86' lang='lat' dir='ltr'>libri</span> 
     </span>
     <span class='ocr_line' id='line_1_28' title="bbox 160 3118 1338 3214; baseline -0.002 -34"><span class='ocrx_word' id='word_1_224' title='bbox 160 3118 347 3182; x_wconf 81' lang='lat' dir='ltr'>Tristium</span> <span class='ocrx_word' id='word_1_225' title='bbox 367 3121 436 3204; x_wconf 86' lang='grc' dir='ltr'>(ΙΙΙ,</span> <span class='ocrx_word' id='word_1_226' title='bbox 452 3126 485 3208; x_wconf 86' lang='grc'>4)</span> <span class='ocrx_word' id='word_1_227' title='bbox 509 3127 588 3194; x_wconf 83' lang='lat' dir='ltr'>Caro</span> <span class='ocrx_word' id='word_1_228' title='bbox 609 3133 808 3214; x_wconf 86' lang='lat' dir='ltr'>inscripserit</span> <span class='ocrx_word' id='word_1_229' title='bbox 816 3133 847 3209; x_wconf 81' lang='lat'>³).</span> <span class='ocrx_word' id='word_1_230' title='bbox 876 3129 914 3190; x_wconf 91' lang='lat' dir='ltr'>In</span> <span class='ocrx_word' id='word_1_231' title='bbox 932 3129 1034 3210; x_wconf 91' lang='lat' dir='ltr'>primo</span> <span class='ocrx_word' id='word_1_232' title='bbox 1052 3125 1137 3188; x_wconf 91' lang='lat' dir='ltr'>enim</span> <span class='ocrx_word' id='word_1_233' title='bbox 1153 3122 1250 3184; x_wconf 89' lang='lat' dir='ltr'>huius</span> <span class='ocrx_word' id='word_1_234' title='bbox 1269 3136 1338 3180; x_wconf 85' lang='lat' dir='ltr'>car·</span> 
     </span>
     <span class='ocr_line' id='line_1_29' title="bbox 164 3245 392 3289; baseline 0.009 -2"><span class='ocrx_word' id='word_1_235' title='bbox 164 3245 260 3287; x_wconf 88' lang='lat' dir='ltr'>nnms</span> <span class='ocrx_word' id='word_1_236' title='bbox 279 3246 392 3289; x_wconf 84' lang='lat' dir='ltr'>versu:</span> 
     </span>
    </p>

    <p class='ocr_par' dir='ltr' id='par_1_6' title="bbox 168 3337 1337 3622">
     <span class='ocr_line' id='line_1_30' title="bbox 295 3337 1198 3428; baseline -0.007 -27"><span class='ocrx_word' id='word_1_237' title='bbox 295 3339 337 3401; x_wconf 77' lang='lat' dir='ltr'>»O</span> <span class='ocrx_word' id='word_1_238' title='bbox 361 3344 439 3405; x_wconf 91' lang='lat' dir='ltr'>mihi</span> <span class='ocrx_word' id='word_1_239' title='bbox 464 3365 536 3409; x_wconf 88' lang='lat' dir='ltr'>care</span> <span class='ocrx_word' id='word_1_240' title='bbox 560 3346 692 3428; x_wconf 90' lang='lat' dir='ltr'>quidem</span> <span class='ocrx_word' id='word_1_241' title='bbox 715 3364 849 3427; x_wconf 80' lang='lat' dir='ltr'>semper,</span> <span class='ocrx_word' id='word_1_242' title='bbox 872 3343 928 3405; x_wconf 90' lang='lat' dir='ltr'>sed</span> <span class='ocrx_word' id='word_1_243' title='bbox 952 3348 1093 3423; x_wconf 91' lang='lat' dir='ltr'>tempore</span> <span class='ocrx_word' id='word_1_244' title='bbox 1118 3337 1198 3399; x_wconf 85' lang='lat' dir='ltr'>duro</span> 
     </span>
     <span class='ocr_line' id='line_1_31' title="bbox 296 3427 1058 3517; baseline -0.004 -23"><span class='ocrx_word' id='word_1_245' title='bbox 296 3427 437 3514; x_wconf 82' lang='lat' dir='ltr'>Cognita,</span> <span class='ocrx_word' id='word_1_246' title='bbox 460 3455 511 3497; x_wconf 86' lang='lat' dir='ltr'>res</span> <span class='ocrx_word' id='word_1_247' title='bbox 535 3440 705 3517; x_wconf 87' lang='lat' dir='ltr'>postquam</span> <span class='ocrx_word' id='word_1_248' title='bbox 728 3433 927 3517; x_wconf 91' lang='lat' dir='ltr'>procubuere</span> <span class='ocrx_word' id='word_1_249' title='bbox 951 3449 1058 3493; x_wconf 84' lang='lat' dir='ltr'>meae«</span> 
     </span>
     <span class='ocr_line' id='line_1_32' title="bbox 168 3529 1337 3622; baseline -0.007 -26"><span class='ocrx_word' id='word_1_250' title='bbox 168 3553 246 3597; x_wconf 84' lang='lat' dir='ltr'>voce</span> <span class='ocrx_word' id='word_1_251' title='bbox 268 3554 370 3600; x_wconf 73' lang='lat' dir='ltr'>mare«</span> <span class='ocrx_word' id='word_1_252' title='bbox 387 3547 480 3621; x_wconf 87' lang='lat' dir='ltr'>poeta</span> <span class='ocrx_word' id='word_1_253' title='bbox 505 3542 616 3604; x_wconf 92' lang='lat' dir='ltr'>eodem</span> <span class='ocrx_word' id='word_1_254' title='bbox 640 3542 744 3622; x_wconf 82' lang='lat' dir='ltr'>modo,</span> <span class='ocrx_word' id='word_1_255' title='bbox 769 3560 832 3622; x_wconf 89' lang='lat' dir='ltr'>quo</span> <span class='ocrx_word' id='word_1_256' title='bbox 856 3540 888 3601; x_wconf 91' lang='lat' dir='ltr'>in</span> <span class='ocrx_word' id='word_1_257' title='bbox 914 3538 970 3600; x_wconf 89' lang='lat' dir='ltr'>illa</span> <span class='ocrx_word' id='word_1_258' title='bbox 994 3536 1105 3618; x_wconf 72' lang='lat' dir='ltr'>elegia,</span> <span class='ocrx_word' id='word_1_259' title='bbox 1129 3532 1258 3593; x_wconf 83' lang='lat' dir='ltr'>ridetur</span> <span class='ocrx_word' id='word_1_260' title='bbox 1281 3529 1337 3590; x_wconf 92' lang='lat' dir='ltr'>uti.</span> 
     </span>
    </p>
   </div>
   <div class='ocr_carea' id='block_1_3' title="bbox 166 3670 1384 4271">
    <p class='ocr_par' dir='ltr' id='par_1_7' title="bbox 166 3670 1336 3838">
     <span class='ocr_line' id='line_1_33' title="bbox 239 3670 1336 3748; baseline 0.006 -20"><span class='ocrx_word' id='word_1_261' title='bbox 239 3677 259 3744; x_wconf 84' lang='lat'>²)</span> <span class='ocrx_word' id='word_1_262' title='bbox 279 3681 394 3748; x_wconf 86' lang='lat' dir='ltr'>exempli</span> <span class='ocrx_word' id='word_1_263' title='bbox 414 3698 496 3736; x_wconf 88' lang='lat' dir='ltr'>causa</span> <span class='ocrx_word' id='word_1_264' title='bbox 514 3683 624 3735; x_wconf 86' lang='lat' dir='ltr'>afferam</span> <span class='ocrx_word' id='word_1_265' title='bbox 642 3681 720 3734; x_wconf 75' lang='lat' dir='ltr'>Trist.</span> <span class='ocrx_word' id='word_1_266' title='bbox 739 3681 761 3748; x_wconf 91' lang='grc'>1,</span> <span class='ocrx_word' id='word_1_267' title='bbox 782 3685 806 3746; x_wconf 77' lang='grc'>5,</span> <span class='ocrx_word' id='word_1_268' title='bbox 826 3686 850 3732; x_wconf 89' lang='grc'>3.</span> <span class='ocrx_word' id='word_1_269' title='bbox 869 3679 891 3740; x_wconf 91' lang='grc' dir='ltr'>Ι,</span> <span class='ocrx_word' id='word_1_270' title='bbox 911 3682 935 3743; x_wconf 82' lang='grc'>9,</span> <span class='ocrx_word' id='word_1_271' title='bbox 956 3682 997 3730; x_wconf 86' lang='grc'>41.</span> <span class='ocrx_word' id='word_1_272' title='bbox 1026 3675 1075 3740; x_wconf 85' lang='grc' dir='ltr'>ΙΙΙ,</span> <span class='ocrx_word' id='word_1_273' title='bbox 1096 3678 1120 3740; x_wconf 91' lang='grc'>6,</span> <span class='ocrx_word' id='word_1_274' title='bbox 1142 3678 1163 3725; x_wconf 94' lang='grc'>1.</span> <span class='ocrx_word' id='word_1_275' title='bbox 1182 3670 1229 3737; x_wconf 77' lang='lat' dir='ltr'>IV,</span> <span class='ocrx_word' id='word_1_276' title='bbox 1250 3673 1274 3734; x_wconf 66' lang='lat'>77</span> <span class='ocrx_word' id='word_1_277' title='bbox 1296 3673 1336 3720; x_wconf 76' lang='lat'>19·</span> 
     </span>
     <span class='ocr_line' id='line_1_34' title="bbox 166 3765 644 3838; baseline 0.01 -21"><span class='ocrx_word' id='word_1_278' title='bbox 166 3783 201 3818; x_wconf 85' lang='lat' dir='ltr'>cx</span> <span class='ocrx_word' id='word_1_279' title='bbox 219 3765 305 3821; x_wconf 89' lang='lat' dir='ltr'>Ponto</span> <span class='ocrx_word' id='word_1_280' title='bbox 323 3768 357 3835; x_wconf 88' lang='grc' dir='ltr'>Π,</span> <span class='ocrx_word' id='word_1_281' title='bbox 377 3774 401 3836; x_wconf 88' lang='grc'>4,</span> <span class='ocrx_word' id='word_1_282' title='bbox 422 3775 463 3823; x_wconf 83' lang='grc'>21.</span> <span class='ocrx_word' id='word_1_283' title='bbox 492 3771 538 3838; x_wconf 71' lang='lat' dir='ltr'>IV,</span> <span class='ocrx_word' id='word_1_284' title='bbox 561 3776 600 3837; x_wconf 89' lang='grc'>10,</span> <span class='ocrx_word' id='word_1_285' title='bbox 620 3776 644 3824; x_wconf 89' lang='grc'>3.</span> 
     </span>
    </p>

    <p class='ocr_par' dir='ltr' id='par_1_8' title="bbox 240 3856 453 3927">
     <span class='ocr_line' id='line_1_35' title="bbox 240 3856 453 3927; baseline 0.028 -18"><span class='ocrx_word' id='word_1_286' title='bbox 240 3856 260 3925; x_wconf 82' lang='lat'>²)</span> <span class='ocrx_word' id='word_1_287' title='bbox 280 3858 312 3910; x_wconf 89' lang='lat' dir='ltr'>cf.</span> <span class='ocrx_word' id='word_1_288' title='bbox 331 3874 390 3927; x_wconf 87' lang='lat' dir='ltr'>pag.</span> <span class='ocrx_word' id='word_1_289' title='bbox 411 3864 453 3914; x_wconf 76' lang='lat' dir='ltr'>lo.</span> 
     </span>
    </p>

    <p class='ocr_par' dir='ltr' id='par_1_9' title="bbox 167 3937 1384 4271">
     <span class='ocr_line' id='line_1_36' title="bbox 239 3937 1340 4016; baseline -0.01 -18"><span class='ocrx_word' id='word_1_290' title='bbox 239 3946 260 4014; x_wconf 71' lang='grc'>3)</span> <span class='ocrx_word' id='word_1_291' title='bbox 286 3946 396 4000; x_wconf 83' lang='lat' dir='ltr'>Scilicet</span> <span class='ocrx_word' id='word_1_292' title='bbox 423 3965 509 4016; x_wconf 87' lang='lat' dir='ltr'>usque</span> <span class='ocrx_word' id='word_1_293' title='bbox 533 3950 567 4002; x_wconf 90' lang='lat' dir='ltr'>ad</span> <span class='ocrx_word' id='word_1_294' title='bbox 595 3953 764 4002; x_wconf 74' lang='lat' dir='ltr'>remunito.</span> <span class='ocrx_word' id='word_1_295' title='bbox 807 3947 879 4000; x_wconf 90' lang='lat' dir='ltr'>Nam</span> <span class='ocrx_word' id='word_1_296' title='bbox 902 3944 1028 3997; x_wconf 86' lang='lat' dir='ltr'>Lcersius</span> <span class='ocrx_word' id='word_1_297' title='bbox 1060 3942 1090 3993; x_wconf 89' lang='lat' dir='ltr'>in</span> <span class='ocrx_word' id='word_1_298' title='bbox 1118 3937 1243 3992; x_wconf 86' lang='lat' dir='ltr'>editionis</span> <span class='ocrx_word' id='word_1_299' title='bbox 1274 3952 1340 3988; x_wconf 85' lang='lat' dir='ltr'>suae</span> 
     </span>
     <span class='ocr_line' id='line_1_37' title="bbox 168 4025 1384 4104; baseline -0.003 -18"><span class='ocrx_word' id='word_1_300' title='bbox 168 4050 228 4102; x_wconf 86' lang='lat' dir='ltr'>pag.</span> <span class='ocrx_word' id='word_1_301' title='bbox 249 4038 299 4089; x_wconf 75' lang='lat' dir='ltr'>‘llo&#39;</span> <span class='ocrx_word' id='word_1_302' title='bbox 320 4052 375 4104; x_wconf 91' lang='lat' dir='ltr'>seq.</span> <span class='ocrx_word' id='word_1_303' title='bbox 394 4039 534 4092; x_wconf 88' lang='lat' dir='ltr'>rectissme</span> <span class='ocrx_word' id='word_1_304' title='bbox 553 4037 747 4091; x_wconf 77' lang='lat' dir='ltr'>domonstravit</span> <span class='ocrx_word' id='word_1_305' title='bbox 766 4051 877 4089; x_wconf 77' lang='grc'>111-01011</span> <span class='ocrx_word' id='word_1_306' title='bbox 896 4039 928 4088; x_wconf 79' lang='grc' dir='ltr'>-1ῖ</span> <span class='ocrx_word' id='word_1_307' title='bbox 949 4049 1046 4086; x_wconf 88' lang='lat' dir='ltr'>novam</span> <span class='ocrx_word' id='word_1_308' title='bbox 1066 4029 1150 4096; x_wconf 87' lang='lat' dir='ltr'>incipi</span> <span class='ocrx_word' id='word_1_309' title='bbox 1169 4025 1291 4096; x_wconf 81' lang='lat' dir='ltr'>elegiam,</span> <span class='ocrx_word' id='word_1_310' title='bbox 1311 4027 1340 4076; x_wconf 86' lang='lat' dir='ltr'>in</span> <span class='ocrx_word' id='word_1_311' title='bbox 1381 4034 1384 4038; x_wconf 80' lang='grc'><strong>“</strong></span> 
     </span>
     <span class='ocr_line' id='line_1_38' title="bbox 167 4115 1339 4191; baseline -0.009 -16"><span class='ocrx_word' id='word_1_312' title='bbox 167 4139 223 4190; x_wconf 87' lang='lat' dir='ltr'>qua</span> <span class='ocrx_word' id='word_1_313' title='bbox 236 4141 297 4191; x_wconf 72' lang='lat' dir='ltr'>non,</span> <span class='ocrx_word' id='word_1_314' title='bbox 311 4128 342 4178; x_wconf 91' lang='lat' dir='ltr'>ut</span> <span class='ocrx_word' id='word_1_315' title='bbox 360 4127 389 4178; x_wconf 89' lang='lat' dir='ltr'>in</span> <span class='ocrx_word' id='word_1_316' title='bbox 407 4127 463 4189; x_wconf 77' lang='lat' dir='ltr'>illa,</span> <span class='ocrx_word' id='word_1_317' title='bbox 479 4129 512 4181; x_wconf 86' lang='lat' dir='ltr'>ad</span> <span class='ocrx_word' id='word_1_318' title='bbox 524 4144 610 4180; x_wconf 90' lang='lat' dir='ltr'>unum</span> <span class='ocrx_word' id='word_1_319' title='bbox 623 4129 739 4189; x_wconf 71' lang='lat' dir='ltr'>tantum,</span> <span class='ocrx_word' id='word_1_320' title='bbox 752 4125 799 4177; x_wconf 83' lang='lat' dir='ltr'>sed</span> <span class='ocrx_word' id='word_1_321' title='bbox 819 4125 851 4177; x_wconf 86' lang='lat' dir='ltr'>ad</span> <span class='ocrx_word' id='word_1_322' title='bbox 866 4123 964 4175; x_wconf 89' lang='lat' dir='ltr'>multos</span> <span class='ocrx_word' id='word_1_323' title='bbox 987 4121 1030 4174; x_wconf 77' lang='lat' dir='ltr'>rel</span> <span class='ocrx_word' id='word_1_324' title='bbox 1049 4133 1141 4173; x_wconf 89' lang='lat' dir='ltr'>omnes</span> <span class='ocrx_word' id='word_1_325' title='bbox 1161 4115 1339 4169; x_wconf 81' lang='grc'>0011000001-</span> 
     </span>
     <span class='ocr_line' id='line_1_39' title="bbox 170 4217 421 4271; baseline 0.02 -7"><span class='ocrx_word' id='word_1_326' title='bbox 170 4229 249 4267; x_wconf 75' lang='lat' dir='ltr'>uersa</span> <span class='ocrx_word' id='word_1_327' title='bbox 267 4219 310 4268; x_wconf 88' lang='grc'>001</span> <span class='ocrx_word' id='word_1_328' title='bbox 330 4217 421 4271; x_wconf 89' lang='lat' dir='ltr'>oratio.</span> 
     </span>
    </p>
   </div>
   <div class='ocr_carea' id='block_1_4' title="bbox 0 0 1501 4762">
    <p class='ocr_par' dir='ltr' id='par_1_10' title="bbox 0 0 1501 4762">
     <span class='ocr_line' id='line_1_40' title="bbox 0 0 1501 4762; baseline 0 0"><span class='ocrx_word' id='word_1_329' title='bbox 0 0 1501 4762; x_wconf 95' lang='lat' dir='ltr'> </span> 
     </span>
    </p>
   </div>
  </div>
 </body>
</html>
