2962 4762
621 219 662 226 -
710 184 751 242 aa
799 219 840 227 -

146 380 175 420 r.
190 362 227 421 13
245 378 331 440 seqq.
347 365 477 441 apparet
494 359 586 421 1111111
601 361 744 442 poeticae
760 361 837 422 artis
857 360 1105 422 scientissimum
1122 366 1153 423 et
1165 360 1319 443 peritissi-

147 486 237 528 mum
261 465 361 528 fuisse
385 472 416 528 et
440 466 593 529 Ovidium
617 485 711 549 saepe
735 467 877 529 carmina
896 486 967 547 sua,
997 466 1186 548 priusquam
1214 465 1320 548 publi-

147 579 304 653 carentur,
327 572 446 635 iudicio
470 573 565 635 amici
589 556 803 656 supposuisse.

236 679 310 741 dam
335 698 427 758 vero,
461 680 485 740 si
512 681 711 761 quaerimus,
743 699 901 762 quaenam
924 678 1074 743 Tristium
1100 681 1221 763 elegiae
1245 680 1321 742 huic

149 787 250 848 amico
284 785 507 848 inscribendae
540 806 610 848 esse
641 788 827 867 rideantur,
866 788 1004 869 primum
1038 786 1125 849 hand
1163 788 1269 869 inepte
1303 806 1321 848 a

152 891 270 954 Kochio
295 892 313 954 1.
338 893 356 955 1.
381 912 453 975 pag,
480 896 529 955 17.
554 894 652 976 eleg.
677 893 716 974 V,
739 897 760 955 1
783 894 891 956 Attico
915 892 1012 956 tribui
1038 893 1254 957 concedimus.

237 999 290 1061 Ad
321 1000 408 1061 hunc
432 1000 516 1062 enim
549 1001 654 1062 sirum
685 1000 837 1064 ridentur
869 1006 1012 1082 spectare
1041 1000 1138 1062 huius
1171 1000 1321 1062 emminis

150 1126 176 1167 v.
200 1107 242 1168 27
267 1125 350 1188 serp:

308 1211 390 1274 »Neo
413 1214 547 1296 patriam
572 1215 677 1296 magis
700 1215 754 1277 ille
778 1234 869 1276 suam
894 1213 1054 1278 desiderat
1078 1219 1108 1276 et
1133 1233 1214 1294 111111

310 1319 454 1382 Plurima
477 1340 552 1383 cum
576 1321 677 1402 patria
701 1322 797 1384 sentit
820 1320 932 1384 abesse
955 1320 1026 1398 sibi,

310 1424 412 1500 Quam
437 1427 545 1490 rultus
569 1428 743 1510 oculosque
766 1436 854 1506 tuos,
877 1448 896 1490 o
920 1427 1045 1491 dulcior
1068 1426 1122 1488 illo

310 1532 414 1614 Melle,
438 1534 524 1615 quod
548 1536 582 1596 in
605 1537 686 1598 ceris
710 1536 851 1597 Attica
874 1536 964 1617 ponit
987 1535 1078 1617 apis«

241 1640 301 1714 oui
319 1659 431 1703 versus
450 1661 513 1702 non
535 1642 638 1703 solnm
658 1650 783 1704 tantum
800 1661 939 1703 amorem
961 1648 991 1703 et
1006 1643 1157 1723 pietatem
1171 1639 1324 1720 indicant,

153 1752 302 1828 quantam
329 1747 375 1809 illi
399 1749 433 1809 11
458 1748 582 1829 epistol.
608 1747 664 1827 111,
688 1752 724 1828 1,
755 1768 835 1830 quos
860 1749 921 1810 iam
948 1767 1045 1829 supra
1068 1747 1324 1824 attulimus,‘sed

152 1853 247 1915 etiam
271 1851 422 1916 Ovidium
455 1874 533 1916 roee
564 1855 712 1917 »Attica«
743 1856 843 1918 Attici
868 1873 984 1917 nomon
1009 1853 1190 1936 significare
1213 1855 1325 1916 verisi-

152 1960 321 2021 millimum
344 1960 473 2024 videtur
499 1981 577 2041 esse,
608 1963 794 2043 praesertim
814 1981 887 2023 rum
908 1962 940 2022 in
960 1959 1157 2023 carminibus
1181 1960 1221 2022 ad
1246 1961 1325 2022 alios

151 2067 270 2128 amicos
294 2067 419 2149 scriptis
443 2068 555 2130 eodem
579 2068 673 2130 modo
697 2069 809 2131 luserit
831 2069 921 2131 velut
943 2067 1002 2148 111,
1026 2070 1046 2130 4
1071 2075 1102 2130 11
1123 2066 1183 2146 lII,
1206 2069 1236 2128 1).

240 2172 350 2235 Minus
383 2182 489 2238 autem
524 2175 606 2237 duae
639 2177 720 2238 aliae
753 2194 868 2238 causae
900 2180 976 2240 suut
1009 2173 1208 2256 probabiles,
1246 2191 1326 2254 quas

157 2278 297 2342 Korhius
330 2280 370 2342 ad
395 2283 586 2344 senteutiam
621 2303 712 2344 suam
735 2281 923 2344 firmandam
947 2281 1075 2364 profert.
1123 2278 1215 2354 Quod
1240 2279 1326 2340 enim

154 2387 186 2446 in
210 2387 308 2448 nostri
334 2389 485 2450 carminis
508 2409 537 2450 v.
562 2391 603 2451 21)
629 2408 710 2472 serp:
1051 2371 1055 2378 ’
1153 2394 1155 2399 ’

312 2492 434 2576 »Teque
456 2495 692 2576 Menoetiaden,
715 2506 755 2577 te,
779 2497 833 2578 qui
859 2496 1028 2558 comitatus
1053 2494 1197 2569 Oresten,

312 2599 355 2663 Te
378 2609 471 2665 vocat
494 2603 641 2686 Aegiden
664 2603 910 2686 Euryalumque
934 2621 1044 2664 suum«

155 2707 240 2767 etin
266 2725 313 2789 ep.
338 2727 380 2770 ex
403 2707 506 2772 Ponto
529 2709 572 2789 lI,
595 2714 616 2773 4
639 2731 668 2772 r.
692 2713 733 2773 21
760 2730 843 2792 seq.:

309 2813 473 2897 »Denique
496 2823 604 2880 tantus
628 2837 717 2880 amor
740 2817 842 2897 nobis,
866 2817 1038 2896 carissime,
1063 2833 1187 2896 semper

314 2920 460 2995 Quantus
484 2925 516 2984 in
541 2915 683 2987 Aeacide
706 2923 925 3005 Actorideque
947 2922 1023 2984 fuit«

157 3025 300 3108 legamus
320 3037 351 3091 11
369 3027 637 3093 Menoetiades
657 3039 689 3093 et
706 3030 911 3094 Actorides
931 3028 1149 3091 1111111111.
1173 3026 1328 3089 Patroc-

156 3132 238 3195 lum
261 3135 455 3217 significent,
489 3136 622 3200 eandem
654 3139 748 3200 antici
771 3156 939 3219 personam
971 3137 1003 3196 in
1029 3144 1164 3216 utroque
1188 3134 1329 3196 carmine

158 3240 291 3303 indicari
309 3249 407 3325 putat.
442 3244 601 3324 Attamen,
621 3250 657 3306 111
676 3246 859 3307 omittamus
877 3243 1029 3305 Ovidium
1049 3242 1176 3323 saepius
1199 3242 1233 3302 in
1258 3241 1329 3303 aliis

157 3367 286 3430 quoque
318 3350 463 3431 epistulis
493 3351 570 3413 talia
598 3351 746 3434 exempla
777 3350 887 3413 1111111
918 3350 1077 3412 amicitiae
1111 3347 1150 3409 de
1183 3352 1329 3410 veterum

158 3456 311 3518 memoria
333 3458 432 3538 petita
455 3476 730 3538 commemorasse,
752 3458 808 3519 illo
832 3456 1041 3538 epistularum
1068 3474 1109 3516 ex
1132 3453 1235 3516 Ponto
1259 3455 1329 3517 loco

157 3561 284 3625 codices
302 3563 387 3626 inter
409 3583 443 3627 se
464 3564 614 3627 differunt
633 3564 673 3626 de
692 3565 857 3647 scriptura.
890 3562 985 3625 Multi
1005 3563 1091 3625 enim
1109 3562 1198 3643 iique
1218 3563 1330 3643 optimi

158 3671 200 3747 (β,
223 3669 264 3747 A,
288 3668 320 3746 C,
343 3668 382 3752 l),
406 3671 444 3755 ψ)
459 3671 481 3754 ¹)
505 3691 561 3753 pro
584 3670 831 3752 »Actorideque«
861 3669 1014 3753 praebent
1036 3668 1206 3730 lectionem
1236 3667 1331 3730 »Nes-

158 3775 348 3857 torideque«,
368 3797 464 3860 quam
485 3778 623 3841 editores
642 3778 834 3839 recentiores
853 3782 1042 3859 receperunt
1061 3792 1209 3856 quaeque
1228 3774 1330 3836 multo

159 3890 207 3944 est
239 3881 449 3964 probabilior,
482 3885 585 3967 quod,
624 3890 660 3947 111
691 3890 777 3947 11111
812 3888 942 3945 annotat
975 3881 1192 3961 Burmannus,
1224 3881 1331 3942 hiatus

160 3989 328 4055 Aeacide
344 3989 604 4073 Actorideque
622 3991 763 4053 insolens
779 3997 827 4053 est
836 3989 966 4052 Nasoni.
977 3988 1204 4073 ,Antilochum
1223 3992 1331 4049 autem

233 4221 251 4283 ¹)
271 4221 299 4272 in
319 4221 506 4288 significandis
525 4221 665 4274 codicibus
684 4220 815 4273 Korninm
836 4220 922 4272 secuti
943 4234 1045 4272 sumus.

1101 4312 1118 4360 3
