2962 4762
633 177 851 237 -47--

153 352 324 416 Praeterea
349 358 379 415 et
410 372 508 415 sonus
538 358 568 415 91
600 354 757 415 sententia
792 353 889 414 totius
919 353 1039 434 elegiae
1071 350 1157 412 hunc
1188 351 1325 413 1111191111

151 461 271 544 optime
303 459 455 521 indicant.
516 459 678 522 Admonet
711 461 796 521 enim
828 457 965 521 Ovidius
993 477 1084 537 euni,
1114 462 1150 519 111
1182 476 1216 519 se
1243 458 1327 518 intra

153 569 301 631 fortunae
317 566 569 628 mediocritatem
587 568 748 628 contineat
762 570 792 627 91
811 566 989 648 potentium
1009 583 1105 627 usum
1121 569 1151 626 et
1163 563 1327 625 familiari-

151 680 259 755 tatem,
284 677 441 755 quantum
461 674 571 755 possit,
594 674 688 735 vitet:

358 778 494 842 »Usibus
518 781 629 842 edocto
653 780 680 839 si
706 781 880 861 quicquam
904 778 1008 841 credis
1032 779 1143 855 antico,

360 885 443 948 Vive
466 886 525 948 tibi
549 892 579 948 et
603 887 698 968 longe
720 887 850 947 nomina
874 904 989 968 magna
1013 885 1097 967 fuge.

358 993 441 1056 Vive
464 993 533 1072 tibi,
558 998 780 1074 quantumque
802 999 901 1074 potes
924 992 1113 1074 praelustria
1137 993 1211 1053 rita.
1264 1006 1270 1019 ·

358 1099 496 1164 Saevum
520 1100 689 1182 praelustri
713 1100 836 1162 fulmen
861 1099 900 1161 ab
925 1118 996 1162 arce
1020 1100 1131 1161 venit«

244 1206 325 1269 Cum
349 1212 456 1269 autem
480 1205 579 1269 Carus
603 1206 699 1288 paulo
729 1207 854 1287 antea1)
888 1206 969 1268 illud
999 1206 1179 1268 educatoris
1208 1224 1327 1266 mamis

152 1315 266 1377 iniisse
290 1313 563 1376 verisimillimum
587 1314 641 1392 sit,
675 1332 738 1395 quo
762 1312 893 1376 functus
917 1318 1023 1375 artum
1057 1332 1131 1374 cum
1155 1310 1325 1374 Caesarum

150 1419 277 1482 familia
309 1419 422 1482 habuit
454 1440 565 1499 usum,
597 1419 748 1482 facillime
782 1420 968 1502 intellegere
999 1439 1170 1502 possumus
1202 1424 1326 1501 poetmn

152 1527 256 1589 amieo
280 1527 396 1588 minori
420 1532 498 1588 natu
523 1527 618 1588 talem
650 1528 774 1589 irrisisse
811 1527 1081 1606 adhortationem,
1114 1531 1149 1588 111
1183 1546 1256 1588 911111
1288 1526 1327 1588 ab

151 1633 202 1713 111,
233 1652 315 1714 quae
345 1634 451 1714 ipsum
481 1634 519 1695 de
549 1634 696 1695 fortunae
725 1634 865 1695 culmine
899 1633 1092 1712 deiecerant,
1126 1638 1266 1695 servaret
1296 1640 1326 1695 et

151 1740 311 1802 retineret.
357 1740 466 1821 Atque
490 1740 549 1801 hoc
570 1759 697 1822 (proque
717 1741 750 1801 iu
775 1741 915 1802 carmine
941 1740 1082 1802 dolorem
1107 1740 1200 1800 antici
1225 1741 1328 1801 1111111-

152 1865 258 1926 mum,
294 1865 368 1908 cum
391 1845 492 1908 abiret
516 1848 550 1908 in
574 1847 718 1925 exilium,
743 1846 894 1909 describit
929 1867 957 1907 1.
983 1848 1024 1908 37
1050 1865 1136 1927 seqq.
1162 1851 1193 1907 91
1216 1845 1326 1908 laudat

153 1953 223 2016 eius
247 1972 366 2032 carram,
391 1973 488 2034 quam
512 1953 607 2014 etiam
631 1960 709 2014 tiurc
731 1958 885 2035 praestet:

257 2057 374 2121 »Nunc
399 2079 527 2141 quoque
551 2066 747 2121 summotum
771 2060 877 2122 studio
898 2060 1043 2122 defendis
1067 2061 1205 2121 amicum

258 2164 299 2227 Et
322 2167 405 2228 mala
428 2167 485 2227 vix
510 2166 575 2228 ulla
599 2172 688 2248 parte
712 2167 848 2229 levanda
872 2167 981 2229 levas«
1004 2166 1044 2249 (1,
1069 2168 1109 2228 41
1136 2167 1220 2247 seq).

242 2270 330 2346 Quae
354 2292 428 2335 11111
451 2274 495 2334 ita
519 2274 598 2352 sint,
632 2274 713 2335 banc
746 2274 881 2356 elegiam
912 2272 991 2335 Caro
1022 2292 1087 2334 uon
1118 2273 1227 2334 miuus
1255 2280 1327 2354 apte

152 2378 375 2458 inscribemus
400 2399 496 2460 quam
520 2379 705 2442 Tristium
730 2380 825 2462 eleg.
849 2380 879 2459 Ι,
903 2384 931 2443 9.

243 2484 314 2547 Hoc
338 2486 423 2547 enim
446 2487 480 2547 111
505 2488 646 2549 carmine
669 2492 762 2569 poeta
785 2492 893 2549 noster
921 2489 1022 2549 arnico
1054 2487 1181 2549 cuidam
1211 2487 1327 2548 minori

155 2595 266 2671 natal)
301 2592 340 2654 de
364 2592 433 2653 eius
461 2612 654 2674 »processu«
686 2594 873 2675 gratulatur.
921 2593 989 2656 Sibi
1012 2595 1077 2655 ianr
1107 2599 1200 2655 antea
1228 2593 1328 2655 fuisse

153 2717 343 2782 persuasum
378 2700 470 2760 amici
505 2701 673 2782 ingenium
707 2719 770 2762 nou
803 2719 895 2782 posse
930 2701 1123 2779 delitescere,
1153 2699 1209 2762 sed
1242 2699 1327 2781 apud

156 2805 307 2886 aequales
339 2824 456 2887 magno
488 2806 634 2868 futurum
668 2826 737 2869 esse
767 2809 800 2868 in
830 2807 959 2870 honore.
1006 2807 1102 2869 Illum
1127 2812 1234 2869 autem
1257 2827 1328 2888 pro-

155 2930 282 2973 cessum
306 2911 446 2973 sodalem
471 2911 612 2974 effecisse
636 2913 758 2975 artibus
781 2915 932 2996 ingenuis
961 2920 992 2975 et
1016 2913 1134 3003 severis
1159 2913 1329 2995 diligenter

155 3018 303 3097 excultis,
328 3019 446 3100 quippe
470 3020 525 3099 qui
550 3039 676 3080 morum
701 3021 881 3102 integritate
905 3026 936 3082 et
963 3021 1086 3102 ingenii
1113 3020 1329 3102 eloquentiae.-

159 3143 223 3206 que
246 3123 341 3186 laude
364 3123 483 3186 floreat.

244 3232 333 3292 »Sive
357 3231 511 3312 aliquod«,
535 3234 649 3314 iuquit,
672 3252 812 3295 »morum
836 3253 893 3295 seu
916 3235 1000 3296 ritae
1024 3233 1095 3295 labe
1119 3225 1256 3295 carentis

246 3335 304 3399 Est
326 3340 475 3419 pretium,
499 3358 593 3401 nemo
616 3339 719 3421 plinis
744 3340 899 3402 carendus
924 3347 998 3402 erat.

246 3442 320 3505 Sive
343 3463 401 3526 per
423 3445 580 3527 ingenuas
604 3445 721 3527 aliquis
745 3454 841 3528 caput
864 3447 981 3509 extulit
1004 3453 1087 3509 artes
1112 3497 1118 3508 .
1143 3495 1149 3507 .
1174 3496 1180 3507 .
1205 3495 1211 3506 .

247 3547 416 3622 Quaelibet
439 3551 567 3632 eloquio
591 3552 627 3614 fit
650 3552 732 3614 bona
758 3573 854 3616 eausa
878 3558 957 3615 tuo«

246 3655 325 3718 Fine
355 3663 461 3718 autem
489 3658 586 3720 huius
617 3660 738 3741 elegiae
763 3657 899 3721 Ovidius
930 3660 969 3721 de
993 3659 1088 3741 eulpa
1111 3680 1168 3722 sua
1194 3660 1271 3722 dicit
1299 3665 1329 3722 ct

158 3761 327 3824 confirmat
350 3783 454 3826 mores
478 3785 553 3828 suos
578 3765 617 3827 ab
639 3765 775 3828 Artibus
799 3766 878 3842 illis,
908 3785 990 3847 quac
1020 3765 1081 3827 sibi
1112 3766 1203 3828 exilii
1233 3786 1329 3829 caiisa

158 3874 272 3950 essent,
292 3869 492 3934 abstinuisse.
527 3871 695 3935 Praeterea
713 3872 794 3934 illud
814 3892 893 3954 opus
912 3874 976 3934 iam
993 3873 1104 3935 multis
1124 3873 1217 3935 annis
1237 3881 1331 3936 autea

159 4048 334 4057 κῇ,-
353 4052 371 4056 ,—

231 4136 249 4201 ¹l
270 4138 302 4190 of.
322 4136 400 4189 Trist.
421 4136 487 4205 eleg.
507 4137 527 4203 Ι,
548 4141 572 4203 9,
592 4138 625 4189 de
645 4153 697 4204 qua
715 4136 804 4203 paullo
823 4137 892 4190 infra
911 4137 1039 4190 dicemus.

229 4226 250 4291 ²)
270 4240 332 4278 naor
352 4226 380 4278 id
399 4243 433 4278 ex
452 4228 508 4279 toto
528 4226 645 4279 carmine
665 4230 784 4293 apparet.
