2962 4762
631 170 850 229 ,42-

149 348 211 411 Hic
233 350 319 411 enim
344 347 480 410 Ovidius
505 366 539 410 se
563 351 697 409 excusat
723 346 761 408 de
789 343 1038 427 vituperatione,
1072 361 1170 423 quam
1197 345 1328 423 propter

150 457 292 517 earmina
316 476 374 518 sua
398 454 555 534 subierat,
579 471 741 536 quamque
765 453 833 534 ipse
866 452 956 512 initio
980 450 1078 511 huius
1102 448 1257 530 epistulae
1280 447 1328 508 ita

151 563 301 644 exponit:

279 667 394 743 »Quod
418 669 460 730 sit
490 668 524 728 in
554 667 603 729 bis
627 666 739 729 eadem
763 665 930 743 sententia,
954 662 1063 742 Brute,
1087 661 1213 741 libellis,

282 774 433 837 Carmina
456 774 563 836 nescio
589 792 686 855 quem
710 790 840 855 carpere
863 776 972 832 nostra
995 769 1103 832 refers.

274 870 334 943 Nil
358 882 420 943 nisi
445 900 497 942 me
521 887 606 942 terra
628 879 718 941 fruar
742 887 777 941 ut
800 879 947 960 propiore
971 895 1083 959 rogare

280 987 321 1050 Et
345 1008 440 1070 quam
466 989 525 1049 sim
551 987 649 1048 denso
674 987 799 1047 rinctus
822 984 862 1046 ab
887 985 976 1045 hoste
999 983 1112 1064 loqui«

240 1093 413 1157 Profitetur
437 1101 542 1157 autem
572 1094 605 1155 id
630 1111 694 1154 non
722 1091 827 1154 solum
850 1092 965 1152 vitium
991 1090 1169 1151 carminum
1193 1108 1327 1151 suorum

153 1221 222 1264 cisse
246 1207 278 1263 et
301 1220 370 1264 sese
394 1203 501 1284 ipsum
525 1221 636 1263 eorum
661 1200 777 1262 delicta
801 1198 917 1260 videre.
947 1212 988 1278 qv.
1013 1197 1033 1257 o
1058 1194 1143 1278 seq).
1189 1195 1267 1257 Tum
1293 1216 1329 1258 se

152 1314 268 1390 purgat
296 1308 335 1370 de
366 1307 512 1370 versibus
536 1309 603 1370 suis
627 1326 741 1389 parum
765 1305 915 1389 expolitis
947 1311 979 1365 et
1002 1302 1179 1365 elaboratis.
1226 1301 1329 1384 Saepe

153 1415 240 1475 enim
274 1433 307 1476 se
340 1413 424 1476 velle
457 1414 587 1496 aliquod
622 1418 747 1475 mutare
781 1411 914 1474 verbum
950 1411 1005 1472 sed
1038 1409 1162 1472 viribus
1196 1409 1326 1472 destitui

152 1521 325 1601 iudicium,
357 1526 394 1583 ut
421 1522 528 1603 pigeat
556 1521 715 1602 corrigere
744 1526 775 1581 et
802 1519 891 1600 longi
919 1517 1038 1579 laboris
1068 1535 1150 1578 rinus
1178 1515 1262 1578 ferre
1286 1515 1328 1597 (v.

156 1625 306 1708 18-20).
359 1626 438 1689 Fine
476 1633 584 1690 autem
619 1627 787 1706 earminiS,
820 1625 897 1706 quid
934 1623 973 1685 de
1005 1624 1240 1705 vituperatione
1272 1621 1330 1684 illa

154 1734 278 1813 sentiat,
310 1734 526 1796 demonstrato
551 1734 631 1816 petit
654 1732 792 1795 aBruto
816 1732 954 1810 reniam,
980 1730 1065 1812 quod
1090 1729 1166 1792 talia
1185 1730 1330 1791 carmina

154 1845 324 1921 componat
336 1861 342 1901 :

227 1970 230 1975 ·
314 1944 377 2008 »Da
399 1948 528 2009 reniam
552 1948 687 2029 scriptia,
712 1966 850 2028 quorum
875 1965 939 2006 non
964 1945 1066 2028 gloria
1090 1943 1182 2006 nobis

315 2054 428 2133 Causa,
451 2054 507 2115 sed
531 2054 654 2116 utilitas
679 2052 887 2135 officiumque
910 2052 995 2114 fuit«

244 2162 352 2240 Atque
376 2179 418 2222 ex
441 2161 553 2222 tertiae
578 2160 734 2243 epistulae
758 2160 797 2222 ad
822 2159 960 2221 Brutum
985 2160 1122 2240 scriptae
1150 2156 1219 2240 (IV,
1243 2159 1274 2237 d)
1298 2175 1329 2216 v.

158 2267 197 2326 17
223 2284 302 2346 seq:

312 2369 434 2446 »Quale
457 2381 564 2437 tamen
589 2376 688 2456 potui,
713 2373 752 2435 de
776 2373 898 2453 caelite,
922 2372 1022 2435 Brute
1046 2372 1167 2435 recenti

316 2478 430 2542 Vestra
452 2481 564 2563 procul
589 2482 712 2563 positus
737 2500 866 2543 carmen
891 2481 925 2542 in
950 2500 1005 2542 ara
1029 2479 1117 2541 dedi«

154 2586 380 2666 cognoscimus
400 2584 553 2648 Ovidium
574 2588 613 2649 ad
633 2588 720 2650 hunc
740 2589 879 2650 amicum
899 2605 1037 2666 carmen,
1057 2605 1121 2667 quo
1140 2584 1328 2666 Augustum

155 2710 171 2753 e
195 2692 261 2754 rita
285 2711 449 2774 egressum
474 2693 626 2757 laudibus
650 2695 835 2775 celebraret,
858 2694 993 2756 misisse.

244 2796 332 2872 Quae
357 2818 432 2861 eum
456 2800 500 2862 ita
524 2801 588 2862 sint
612 2821 677 2863 uon
701 2821 875 2885 possumus
899 2800 1062 2877 dubitare,
1086 2800 1165 2881 quin
1191 2797 1328 2860 Ovidius

153 2902 247 2966 Bruti
272 2907 463 2968 sententiam
488 2913 584 2989 atque
607 2909 766 2970 imliciunr
790 2909 922 2992 plurimi
947 2907 1164 2969 aestimaverit
1187 2924 1328 2986 eumque

154 3010 374 3073 doctissimum
409 3020 440 3075 et
470 3020 625 3096 tauquam
657 3017 836 3098 principem
873 3017 957 3076 inter
987 3014 1096 3076 doctos
1130 3012 1218 3092 illos,
1247 3029 1327 3092 qum

154 3119 281 3199 saepius
312 3120 449 3200 appellat
462 3123 497 3201 ¹),
528 3120 683 3183 habuerit.
738 3120 848 3195 Quid?
882 3140 990 3183 noune
1021 3122 1050 3182 ei
1081 3125 1148 3182 erat
1178 3119 1326 3201 inprimis
1412 3106 1416 3116 ’

153 3223 186 3285 id
211 3225 390 3307 agendum,
422 3232 457 3288 ut
477 3228 573 3290 liuius
597 3230 689 3290 amici
716 3248 858 3311 aequum
891 3234 922 3290 et
945 3228 1135 3290 benevolum
1168 3225 1328 3287 iudicium

154 3329 213 3391 sibi
238 3333 389 3412 pararet?

243 3437 276 3500 Si
300 3457 376 3500 vero
401 3441 595 3520 quaerimus
620 3461 779 3523 quaenam
798 3441 951 3504 Tristium
976 3442 1096 3522 elegiae
1119 3438 1328 3522 probabiliter

153 3542 254 3606 Bruto
278 3544 502 3608 inscribendae
526 3548 605 3628 sint,
628 3549 770 3630 primum
799 3549 839 3611 de
864 3549 963 3631 eleg.
987 3547 1054 3624 HI,
1082 3549 1121 3608 14
1145 3546 1196 3609 vel
1219 3547 1328 3628 potius

157 3653 205 3729 15,
230 3670 304 3713 nam
324 3653 501 3715 rectissime
520 3653 676 3716 iudicarit
694 3653 845 3717 Loersius
864 3655 962 3717 huius
981 3654 1055 3717 libri
1075 3653 1212 3735 elegiam
1233 3672 1328 3735 quar·

154 3764 217 3818 tam
237 3757 318 3819 falso
338 3778 394 3840 pro
415 3759 541 3822 duobus
566 3780 667 3822 unum
692 3780 821 3824 carmen
846 3763 880 3823 in
904 3763 1015 3824 multis
1039 3759 1205 3822 codicibus
1229 3761 1328 3841 scrip·

153 3872 223 3925 tum
247 3883 333 3939 esse,
366 3867 422 3927 vix
441 3886 614 3948 possumus
634 3867 789 3930 dubitare.
832 3868 1012 3943 Quemnam
1036 3867 1122 3929 enim
1142 3868 1226 3929 inter
1249 3867 1328 3928 arni-

153 3990 206 4032 cas
231 3990 306 4032 suos
330 3974 435 4053 aptius
459 3992 538 4036 vera.
566 3976 581 4035 1
608 3992 672 4055 seq.
697 3975 880 4055 alloquatur
903 3980 1026 4037 noster:

227 4201 243 4267 1Ι
263 4201 340 4253 volut
359 4217 398 4267 ep.
419 4218 452 4253 ox
471 4201 557 4255 Ponto
575 4203 625 4268 ΙΙΙ,
645 4207 661 4253 9
682 4221 706 4255 v.
727 4208 768 4257 lo.
