2962 4762
628 193 846 253 ..45-

152 387 225 432 men
250 371 377 452 epicum
402 369 440 432 de
469 367 610 431 Hercule
634 370 850 451 composuisse
877 389 940 431 non
965 370 1067 432 solum
1090 370 1236 432 eiusdem
1261 370 1326 452 epi-

152 477 254 538 stulae
279 494 389 539 versus
416 478 453 537 11
481 495 545 558 seq.
570 476 774 556 demonstrat,
799 475 852 538 ubi
878 476 1030 558 legimus:

310 582 768 670 »11111111111111111111111111,
793 603 872 665 quam
896 581 1037 645 Hercule
1061 583 1174 666 dignas

310 688 468 752 Novimus
492 696 589 772 utque
612 690 670 768 illi,
695 709 789 770 quem
815 690 904 751 carris
928 708 997 751 esse
1020 709 1125 771 pares«

152 797 328 859 sedetiam
352 797 390 859 ad
415 796 499 880 idem
524 816 604 879 opus
628 815 741 858 uersus
768 801 785 858 7
811 815 874 878 seq.
899 797 1025 880 epistul.
1054 797 1092 857 16
1117 803 1275 878 spectant:

301 902 360 965 »Et
384 904 439 985 qui
463 902 626 965 Juuonem
654 904 795 965 laesisset
820 904 853 963 in
877 901 1031 979 Hercule,
1056 901 1165 975 Carus

302 1009 442 1072 Junonis
467 1011 492 1071 si
519 1029 584 1072 non
608 1011 672 1071 iam
695 1028 794 1092 gener
818 1009 873 1071 ille
896 1009 1000 1071 ieret«

179 1195 182 1203 Ι
240 1114 393 1199 Depingit
415 1117 516 1198 igitur
540 1115 675 1178 Ovidius
699 1116 755 1177 illo
780 1116 848 1178 loeo
868 1122 1015 1178 naturam
1041 1123 1072 1177 et
1096 1116 1233 1178 eolorem
1253 1115 1325 1178 Cari

111 1205 121 1250 ⁵·
151 1225 349 1303 carminum,
382 1242 456 1284 eum
490 1223 568 1285 dieu
599 1242 635 1286 ea
661 1222 837 1304 quamlibet
865 1223 896 1283 in
918 1222 1043 1284 nulus
1073 1221 1191 1285 libellis
1223 1224 1326 1305 posita

150 1332 306 1412 cognosci,
333 1336 462 1415 propter
500 1331 585 1391 vires
618 1337 649 1392 et
681 1330 885 1412 gravitatem,
924 1348 1006 1411 quae
1043 1330 1084 1391 iis
1116 1330 1158 1391 sit.
1189 1331 1325 1412 propria.

151 1435 320 1499 Praeterea
344 1444 451 1499 autem
475 1438 614 1499 multum
638 1437 766 1499 ridetur
789 1436 929 1505 valuisse
960 1436 1045 1517 apud
1070 1437 1227 1499 Caesares.
1274 1436 1326 1498 Ex

151 1561 246 1625 versu
271 1544 356 1605 enim
381 1547 422 1605 17
448 1563 531 1626 serp:

310 1652 378 1712 »Sic
401 1650 529 1713 valeant
553 1652 653 1732 pueri,
677 1662 787 1712 votum
811 1668 983 1712 eoumrune
1007 1650 1149 1725 ‹teor-um,

312 1755 400 1831 Quos
425 1756 495 1818 laus
518 1757 702 1819 formandos
726 1764 773 1819 est
796 1756 854 1819 tibi
878 1776 996 1839 magna
1020 1757 1130 1818 datos«

151 1865 364 1945 comperimus
389 1864 527 1926 eundem
552 1862 667 1925 Carum
693 1863 897 1926 educatorem
922 1869 1223 1945 praeceptoremque
1248 1864 1326 1925 tier-

151 1971 268 2031 maniei
292 1969 434 2032 liliorum
453 1970 561 2032 fuisse.
595 1970 684 2045 Quae
704 1989 776 2031 eum
803 1971 848 2031 ita
867 1971 940 2047 sint,
963 1968 1115 2030 lireillime.
1138 1969 1326 2051 intellegere

152 2094 339 2158 possumus,
372 2096 429 2139 our
457 2084 548 2161 poeta
577 2079 609 2138 in
635 2078 691 2139 illa
720 2078 790 2159 ipsa
818 2077 955 2158 epistula
985 2075 1052 2149 (lv,
1078 2077 1129 2155 13)
1154 2073 1325 2138 Caesarum

150 2181 306 2244 familiam
329 2184 427 2245 tantis
452 2184 585 2246 extollat
608 2183 759 2245 laudibus
783 2187 814 2244 et
837 2183 979 2245 studiose
1003 2183 1161 2259 earmina,
1186 2198 1268 2262 quae
1292 2185 1324 2244 in

152 2288 292 2370 Augusti
318 2290 469 2351 honorem
494 2290 613 2368 feeerit,
637 2295 870 2352 commemoret.

240 2500 337 2564 Hune
357 2509 463 2564 autem
488 2503 527 2564 ad
548 2505 688 2564 amioum
707 2502 883 2564 nonnullae
907 2503 1058 2564 videntur
1082 2507 1225 2584 spectare
1243 2500 1326 2564 Tris·

152 2608 232 2669 tium
257 2609 386 2691 elegiae.
1049 2596 1050 2600 Ἰ

240 2713 313 2776 dam
333 2714 579 2777 Burmannus
603 2720 727 2777 etanta
752 2733 825 2777 eum
844 2714 1030 2794 Micyllus
1054 2715 1200 2777 vocativo
1224 2734 1326 2777 »aare«

152 2821 185 2881 in
208 2819 315 2883 Trist.
340 2821 402 2883 lib.
426 2821 476 2883 ΠΙ
500 2821 595 2903 eleg.
619 2824 638 2881 ἶ)
664 2824 694 2901 (6
720 2821 766 2884 ed.
792 2821 900 2899 Loers)
924 2841 953 2882 1.
980 2824 1039 2882 17;

280 2927 373 2990 »Sum
398 2947 536 3010 quoque,
560 2947 641 3008 rare,
665 2930 729 2991 tuis
754 2925 905 2991 defensus
928 2927 1052 2989 viribus
1076 2927 1191 2991 absens

282 3071 324 3079 —
349 3034 418 3097 Seis
442 3033 559 3096 Carum
582 3037 649 3098 veri
675 3037 815 3097 nominis
839 3053 907 3096 esse
931 3034 1010 3114 loen,
1034 3059 1090 3090 -1

151 3139 279 3202 adducti
305 3149 388 3219 sunt,
403 3149 439 3203 ut
454 3141 515 3203 hoe
532 3161 660 3204 earmen
685 3142 788 3204 eidem
812 3143 890 3218 viro,
914 3140 953 3202 ad
978 3160 1072 3222 quem
1097 3142 1185 3223 epist.
1207 3140 1264 3218 lv,
1285 3142 1325 3202 13

151 3248 267 3328 scripta
284 3256 339 3325 est,
353 3247 574 3310 inscriberent.
599 3246 701 3322 Quam
717 3247 907 3309 sententiam
923 3265 989 3308 non
1005 3246 1118 3329 probat
1128 3245 1260 3309 Loersi
1270 3266 1326 3326 us,

152 3353 207 3433 qui
231 3353 264 3413 in
289 3354 393 3417 adnot.
419 3355 458 3416 ad
482 3355 511 3417 11.
536 3355 555 3416 1.
580 3354 665 3433 llicit,
688 3359 811 3416 eertum
835 3371 904 3414 esse
927 3351 1063 3415 »Carum
1087 3365 1161 3433 nou,
1185 3352 1326 3415 11111111·-

151 3477 291 3521 mannus
315 3462 473 3543 opinetur,
491 3480 604 3522 verum
620 3460 719 3522 fuisse
743 3461 812 3521 eius
837 3479 954 3522 nomen
973 3478 1079 3541 neque
1099 3459 1237 3541 eundem
1257 3478 1326 3521 esse
1410 3444 1411 3448 ¹

151 3564 267 3629 Carum
291 3567 553 3649 intellegendum,
577 3567 616 3629 ad
643 3586 738 3648 quem
763 3567 804 3628 sit
826 3585 867 3628 ex
891 3565 994 3628 Ponto
1020 3565 1076 3646 IV,
1102 3568 1157 3647 13,
1181 3566 1325 3647 alioquin

152 3673 294 3755 ineptum
321 3692 390 3736 esse
421 3679 522 3735 totum
559 3675 655 3736 istum
687 3673 884 3737 versiculum
916 3678 947 3734 et
977 3691 1053 3735 sane
1086 3674 1181 3735 etiam
1210 3670 1324 3733 verba:

150 3777 287 3841 »Carum
312 3781 378 3842 veri
404 3780 544 3840 nominis
568 3799 637 3842 esse
662 3780 754 3841 loeo«
800 3780 950 3840 Attamen
981 3779 1151 3862 diligenter
1173 3778 1232 3840 hoo
1255 3778 1325 3840 loeo

150 3903 292 3968 expenso
311 3886 414 3948 faeere
433 3905 499 3947 non
518 3904 698 3968 possumus,
719 3887 799 3967 quin
818 3885 997 3948 Brumanni
1017 3885 1194 3947 sententiae
1217 3903 1326 3946 assen-

150 3992 267 4054 tiamur
286 3999 317 4054 et
336 3992 470 4075 elegiam
490 3997 631 4054 nostram
648 3991 686 4054 ad
704 3990 820 4054 Carum
839 3992 932 4054 illum
949 3992 1108 4073 pertinere
1128 4009 1324 4054 censeamus.

240 4098 320 4161 Cum
339 4099 425 4161 euim
443 4099 528 4160 inter
543 4117 653 4160 omnes
670 4103 793 4160 constet
808 4097 958 4160 Ovidium
979 4099 1012 4159 in
1033 4097 1230 4160 carminibus
1247 4099 1324 4178 suis,

150 4204 206 4265 ubi
230 4185 349 4266 amieos
373 4205 561 4285 alloquitur,
585 4205 676 4267 nulla
699 4205 762 4267 alia
788 4205 890 4266 fonna
922 4205 984 4265 nisi
1013 4205 1065 4267 vel
1096 4206 1240 4267 »antiae«
1273 4205 1324 4266 vel
