2962 4762
628 178 847 238 -48-

150 356 249 417 tuisse
279 355 498 436 compositum.
537 354 650 435 ltaque
675 354 811 416 crimina
834 374 892 416 sua
920 374 1013 436 posse
1042 357 1199 417 excusari.
1245 355 1327 418 Tum

152 463 292 523 amicum
317 461 476 540 admonet
498 481 539 523 ne
559 461 666 522 exulis
685 480 814 522 causam
835 460 960 523 deserat
979 452 1130 543 optatque
1146 467 1181 524 ut
1199 463 1327 546 longius

95 569 98 573 ’
152 569 302 630 turtunae
326 569 378 629 via
401 568 630 650 progrediatur.

240 673 366 748 Quibus
390 675 560 756 expositisa
590 694 648 736 cur
676 673 737 735 hoc
760 693 889 736 carmen
913 673 993 736 Caro
1024 674 1233 738 tribuendum
1258 696 1327 739 esse

154 782 311 862 videatur,
335 781 599 844 demonstremus.
1281 792 1283 798 '

238 887 483 970 llerlrelius1)
503 888 589 968 dicit,
606 889 632 950 si
651 889 723 970 quis
740 888 780 950 ad
791 887 908 950 Carum
925 886 1159 971 hanc'elegiam
1175 891 1326 972 scriptam

156 1014 224 1058 esse
247 1001 347 1077 putet,
370 1014 435 1056 non
460 995 499 1057 de
523 1013 666 1076 munere,
691 995 778 1076 quod
801 1014 847 1077 ep.
872 1014 914 1058 ex
937 994 1041 1057 Ponto
1060 994 1166 1075 lura
1192 996 1326 1058 adeum

155 1103 293 1164 delatum
316 1121 385 1164 esse
404 1101 538 1181 dicatur,
557 1101 596 1164 de
616 1102 805 1164 educatione
824 1100 922 1164 Drusi
946 1108 978 1164 ct
997 1101 1169 1184 Caligulae,
1193 1104 1326 1186 eogitari

153 1228 263 1291 posse;
293 1215 469 1290 utrumque
496 1209 582 1270 enim
614 1209 712 1271 huius
742 1209 894 1270 carminis
926 1228 1008 1271 anno
1042 1209 1186 1272 nondum
1215 1216 1326 1272 natum

149 1316 257 1378 fuisse.
305 1314 508 1396 Quamquam
527 1320 634 1377 autem
655 1315 730 1377 huic
748 1316 817 1377 viro
838 1316 1023 1378 doctissimo
1041 1334 1106 1378 non
1127 1317 1230 1379 solum
1251 1330 1326 1378 oon-⁴

152 1422 295 1484 cedimus
319 1441 399 1485 vers.
424 1424 444 1484 2
468 1427 596 1484 nostrae
620 1422 757 1503 elegiae:

363 1527 440 1603 »Qui
464 1529 545 1611 legis
569 1528 630 1590 hoc
653 1528 746 1590 uobis
769 1548 834 1590 nou
857 1530 1010 1592 inimicus
1034 1548 1128 1611 opus«

152 1636 289 1697 nominis
313 1633 384 1697 Cari
411 1635 662 1718 designationem
688 1635 853 1697 commode
877 1637 1016 1698 inveniri
1044 1654 1109 1697 nou
1131 1655 1239 1718 posse,
1268 1637 1324 1699 sed

151 1744 245 1804 etiam
269 1748 395 1824 poetam
418 1741 483 1804 fine
507 1743 583 1804 aurii
607 1762 636 1824 p.
657 1741 727 1804 Chr.
754 1744 773 1805 9
797 1743 849 1805 vel
872 1743 965 1804 initio
985 1743 1062 1804 anni
1088 1744 1138 1822 10,
1162 1762 1225 1825 quo
1246 1749 1324 1806 tem-

149 1869 226 1930 pore
249 1850 372 1931 primus
395 1848 547 1911 Tristium
570 1849 652 1911 liber
683 1849 879 1930 compositus
908 1855 955 1910 est
967 1848 1006 1930 ιἦ),
1035 1849 1074 1911 de
1103 1848 1265 1932 Caligulae
1293 1855 1325 1912 et

153 1954 247 2018 llrusi
272 1956 461 2018 educatione
479 1955 583 2018 elicere
607 1956 790 2038 negandum
815 1974 892 2034 esse,
916 1962 1024 2019 tamen
1047 1955 1125 2018 haec
1149 1956 1256 2018 omnia
1283 1956 1324 2018 ad

151 2063 267 2124 Carum
291 2063 436 2145 illudque
456 2063 655 2125 educationis
679 2082 798 2125 munus
822 2063 941 2144 optime
961 2063 1117 2144 (puadrare
1141 2062 1234 2153 nobis
1253 2081 1324 2145 per-

151 2190 281 2232 suasum
306 2176 362 2250 est,
386 2170 412 2231 si
437 2170 475 2232 de
498 2170 602 2252 primo
623 2168 803 2232 Germanioi
825 2175 857 2231 et
875 2169 1073 2251 Agrippinae
1095 2168 1172 2249 filio,
1195 2167 1324 2232 Nerone

151 2275 285 2338 Caesa-re
315 2277 501 2357 cogitamus.
556 2275 637 2338 Cum
668 2277 755 2338 enim
786 2276 874 2338 huno
902 2295 986 2337 anno
1014 2295 1043 2357 p.
1074 2274 1144 2337 Chr.
1178 2278 1198 2338 6
1227 2276 1278 2338 vel
1306 2280 1323 2337 7

152 2388 263 2444 natum
288 2400 357 2444 esse
382 2389 571 2445 constet-
604 2402 679 2445 nam
703 2401 787 2445 anno
812 2383 854 2444 20
884 2401 958 2444 eum
988 2384 1053 2445 iam
1080 2383 1244 2444 iuventam
1276 2384 1324 2443 in·
1407 2448 1410 2459 ,

151 2507 298 2571 gressum
323 2507 392 2552 esse
415 2488 543 2551 Tacitus
566 2490 600 2550 in
624 2482 711 2550 dnn.
734 2488 800 2568 ΙΙΙ,
832 2490 874 2551 29
903 2489 1000 2552 tradit
1009 2489 1034 2571 3)
1063 2525 1104 2533 —
1136 2507 1210 2550 eum
1239 2490 1324 2551 circa

152 2601 290 2677 quatuor
313 2615 414 2658 annos
433 2600 543 2657 natum
564 2594 643 2657 Caro
664 2595 867 2658 educandum
886 2595 1039 2658 traditum
1059 2614 1128 2657 csse
1147 2614 1211 2656 non
1235 2595 1324 2658 vide·
1349 2609 1353 2617 '

152 2709 205 2764 tur
236 2702 433 2764 incredibile.
492 2700 666 2764 Nonirullis
697 2708 803 2764 autern
842 2703 936 2764 annis
967 2707 1077 2785 postea
1111 2700 1254 2777 Drusum
1293 2707 1325 2764 et

152 2808 329 2891 Caligrdam
354 2809 497 2872 eiusdem
522 2809 585 2870 viri
609 2827 705 2871 curae
730 2809 937 2871 deniandatos
962 2829 1030 2872 osse
1062 2808 1157 2871 facile
1180 2808 1324 2891 intellegi

152 2920 261 2996 potest.
307 2913 478 2978 Praeterea
497 2933 533 2978 eo
552 2920 695 2977 nostram
715 2917 908 2978 sententiam
927 2915 1128 2998 comproba-ri
1147 2933 1324 2993 censemus,
1419 2901 1421 2905 ¹

152 3021 237 3103 quod
272 3020 409 3084 Ovidius
439 3023 576 3104 optimos
614 3027 645 3085 et
671 3024 961 3104 praestantissimos
993 3022 1089 3084 antici
1115 3040 1233 3101 mores,
1267 3023 1323 3102 qui

121 3135 125 3143 '
151 3128 290 3189 eumad
319 3148 456 3210 puerum
489 3128 693 3191 iomrandum
724 3129 859 3191 feceriut
890 3129 1109 3211 aptissimum,
1143 3128 1241 3189 tantis
1268 3146 1323 3188 ex-

151 3236 233 3296 tollit
251 3230 415 3297 laudibus.

240 3414 284 3474 At
302 3412 380 3475 haec
401 3413 530 3495 quidem
551 3413 714 3475 hacteuus.
737 3411 856 3493 Restat,
875 3420 912 3474 ut
931 3412 969 3474 de
989 3411 1114 3474 duabus
1132 3409 1322 3473 Tristiuni

151 3519 299 3601 elegiis
319 3519 358 3599 V,
384 3524 453 3582 let
471 3518 515 3599 V,
537 3521 593 3599 12,
621 3520 699 3602 quid
722 3521 907 3603 sentiamus,
931 3537 1139 3601 exponamus.
1186 3517 1323 3580 Cuinam

152 3623 258 3686 Ovidii
283 3627 456 3688 amicorum
482 3627 543 3688 ista
563 3627 706 3688 carmina
728 3625 935 3688 inscribenda
952 3626 1025 3704 sini,
1047 3625 1143 3707 plane
1165 3626 1200 3686 in
1217 3625 1322 3687 medio

224 3855 242 3921 ¹)
262 3855 290 3906 in
310 3854 421 3907 edition.
450 3854 528 3907 'l'rist
547 3871 607 3924 pag.
628 3858 669 3907 68.

224 3943 244 4011 ²)
266 3944 298 3995 cs.
319 3943 474 3995 Edmund
493 3941 630 4010 Meyer:
662 3943 730 3995 »Die
754 3942 929 4012 Chronologie
953 3943 1000 3995 der
1020 3941 1186 3995 Ovidischen
1206 3941 1323 3994 iristien

152 4033 206 4084 und
224 4032 314 4084 Briofo
332 4049 380 4084 aus
393 4031 497 4084 Pontus
516 4033 568 4084 mit
585 4031 742 4100 Boziohung
756 4033 803 4084 auf
820 4033 868 4085 das
881 4031 949 4084 Jahr
968 4031 1014 4083 der
1027 4029 1156 4085 Schlacht
1175 4031 1212 4083 im
1225 4030 1322 4083 Teuto-

152 4121 249 4189 burgor
267 4121 377 4173 Waldo«
399 4121 427 4172 in
450 4121 620 4174 »Zoitschrift
638 4121 682 4173 fiir·
700 4120 749 4172 das
768 4119 1030 4188 Gymnasialweson«
1051 4124 1119 4175 1878
1137 4135 1196 4188 pag.
1217 4124 1275 4172 451.

222 4211 242 4271 ³)
263 4211 295 4262 cf.
315 4210 478 4277 Nipperdey.
500 4210 533 4262 ad
553 4210 578 4262 h.
598 4210 615 4261 l.
