2962 4762
649 216 866 276 ...35-

173 394 308 476 relegati
334 413 410 455 cura
435 393 548 455 amico.
595 390 798 473 Quamquam
824 396 932 454 autent
966 411 1035 455 sese
1060 393 1248 456 derelictum
1282 413 1351 458 esse

172 500 216 562 ab
241 500 296 562 illo
320 519 387 561 non
411 504 514 583 potest
538 499 676 577 credere,
701 504 806 561 tamen
833 499 947 562 timore
967 499 1105 580 quedam
1130 505 1161 561 et
1180 501 1351 580 anxietate,

175 626 217 670 ne
240 607 273 669 id
297 607 361 687 liat,
384 611 513 669 tenetur
536 611 567 668 et
591 605 650 667 lioc
675 624 804 687 quoquc
828 607 862 666 in
891 606 1032 668 carmine
1065 605 1120 689 (ll,
1155 609 1182 685 7,
1207 608 1248 669 83
1273 607 1350 688 seq.)

174 713 320 776 Atticum
344 713 510 776 admonet:

264 818 399 903 »Coepta
421 825 495 882 tene
519 838 647 901 quaeso,
672 837 777 900 neque
801 819 835 879 in
860 836 998 900 aequore
1023 818 1134 881 desere
1157 820 1275 901 navim,

266 925 385 1008 Meque
409 926 506 988 simul
531 945 623 988 serra
645 925 869 1007 iudiciumque
892 930 1008 987 tumn«

175 1030 245 1107 Qua
262 1051 336 1095 cum
354 1051 389 1095 re
406 1034 525 1115 optime
544 1033 703 1110 convenit,
725 1031 810 1113 quod
830 1031 890 1093 liae
909 1032 996 1112 ipsae
1016 1031 1172 1113 epistulae
1193 1032 1350 1114 querella-

173 1158 248 1200 rum
278 1144 309 1201 et
338 1138 605 1201 lamentationum
635 1137 842 1201 multitudine
867 1137 945 1199 alias
970 1143 1137 1220 superant,
1171 1159 1247 1201 nam
1271 1159 1350 1221 quc·

173 1245 270 1307 modo
303 1246 397 1307 amici
437 1247 582 1308 animum
612 1244 740 1307 facilius
770 1244 831 1306 sibi
869 1244 1077 1306 reconciliare
1110 1246 1213 1327 potnit
1252 1265 1350 1327 quam

175 1339 397 1414 misericordia.
420 1352 508 1414 illius
533 1352 746 1434 descriptione
770 1351 929 1413 malorum
953 1352 1135 1413 concitata?

266 1456 346 1521 Cum
371 1463 478 1521 autent
506 1459 539 1520 in
564 1457 716 1520 Tristium
740 1457 830 1520 libris
861 1456 1018 1519 nonnulla
1050 1458 1258 1520 imeniantur
1282 1478 1350 1521 cur-

174 1564 276 1645 mina,
309 1583 392 1646 quae
422 1564 487 1626 illis
512 1565 657 1647 epistulis
689 1565 794 1628 colore
819 1571 849 1626 et
873 1565 1065 1647 proprietate
1089 1565 1153 1626 sint
1177 1563 1350 1644 simillima,

174 1669 262 1732 haud
280 1671 387 1753 inepte
406 1671 462 1733 illa
482 1691 611 1753 quiaque
631 1672 671 1733 ad
690 1672 834 1733 Atticum
854 1670 965 1733 referri
983 1676 1143 1753 putamus,
1162 1672 1349 1753 praesertim

171 1795 250 1839 enm
273 1777 308 1839 in
332 1777 495 1860 plerisque
519 1778 580 1840 alia
605 1770 767 1860 praeterea
792 1777 910 1839 indicia
934 1777 1031 1839 liuius
1056 1779 1150 1839 raurici
1179 1796 1349 1861 persenam

174 1869 309 1965 prodere
332 1884 512 1946 rideantur.
559 1884 642 1947 Sunt
673 1885 794 1967 elegiae
817 1883 984 1963 Tristium,
1019 1883 1058 1946 de
1091 1883 1209 1965 quibus
1233 1885 1348 1966 agitur,

174 1994 301 2072 praeter
324 1989 362 2070 V,
386 1993 415 2053 4.
440 2011 571 2071 carm,
595 1990 652 2069 ΙΥ,
678 1994 704 2052 7.
730 1990 768 2070 Υ,
792 1993 820 2053 6.
847 1990 885 2071 Υ,
911 1993 963 2053 13.

265 2095 410 2171 Quarum
434 2098 468 2158 in
493 2098 597 2180 prima
620 2104 712 2179 poeta
737 2099 891 2179 queritur,
916 2097 1001 2179 quod
1026 2096 1065 2159 ab
1090 2099 1192 2160 amico
1216 2117 1273 2180 per
1301 2103 1348 2159 to·

170 2208 243 2265 tum
262 2203 445 2283 biennium,
465 2223 506 2266 ex
526 2223 589 2284 qno
615 2205 647 2264 in
668 2204 765 2266 exilio
786 2205 841 2285 sit,
872 2205 953 2266 nihil
973 2205 1130 2286 acceperit
1153 2204 1345 2267 litterarum:

301 2309 469 2393 »Tempore
493 2315 558 2372 tam
581 2310 678 2393 longo
702 2330 761 2372 cur
784 2330 849 2373 non
873 2318 927 2373 tua
953 2311 1086 2373 dextera
1108 2329 1221 2372 versus

305 2415 489 2491 Quamlibet
512 2418 546 2478 in
570 2436 690 2498 paucos
714 2417 856 2479 officiosa
879 2416 963 2478 fuit?

302 2522 367 2584 Cur
390 2529 445 2586 tua
470 2525 606 2586 cessauit
629 2525 730 2605 pietas
754 2522 971 2586 scribentibus
995 2524 1058 2586 illis

301 2628 440 2712 Exigitis
464 2629 556 2691 nobis
580 2650 654 2692 cnm
679 2631 797 2712 quibus
822 2649 900 2692 usus
925 2632 1036 2693 erati«

172 2732 377 2817 Quamquam
398 2741 506 2798 autem
525 2756 591 2799 non
610 2743 707 2819 negat
730 2745 794 2799 tam
814 2737 909 2820 longo
929 2737 1044 2799 itinere
1064 2737 1233 2819 epistulam
1251 2757 1345 2821 posse

169 2842 273 2903 amitti
299 2879 339 2886 -—
365 2861 440 2904 nam
465 2844 584 2922 orrmia,
618 2862 700 2925 quae
724 2863 832 2906 rerum
856 2852 989 2907 naturae
1012 2850 1205 2926 repugnent,
1237 2846 1344 2927 potius

171 2947 242 3010 fieri
265 2947 327 3011 sibi
352 2967 421 3011 esse
444 2968 644 3031 persuasum,
668 2970 764 3032 quam
791 2957 825 3012 ut
849 2951 971 3013 anncus
994 2956 1138 3012 mutatus
1161 2970 1270 3012 curam
1295 2953 1344 3012 in-

171 3054 274 3117 felicis
298 3055 416 3117 sodalis
441 3055 579 3138 deponat
604 3093 642 3102 -
669 3062 776 3119 tamen
801 3076 875 3120 enm
899 3057 1065 3137 admonet,
1094 3064 1129 3120 ut
1157 3057 1344 3138 frequenter

166 3161 340 3224 scribendo
360 3163 576 3244 suspicionem
595 3164 710 3246 prioris
733 3164 892 3226 amicitiae
911 3165 1075 3246 neglectae
1099 3169 1130 3226 et
1155 3165 1188 3225 in
1210 3164 1343 3226 oblivio-

169 3287 244 3330 nem
269 3268 425 3330 adductae
449 3268 546 3331 tollat.

259 3373 384 3438 Deinde
408 3376 555 3457 sequitur
584 3377 683 3457 eleg.
713 3375 909 3439 Tristium
934 3383 969 3457 2,
1001 3377 1040 3439 de
1065 3398 1126 3458 qua
1151 3379 1215 3440 iarn
1243 3399 1340 3461 supra

166 3481 322 3544 diximus
372 3480 434 3543 Hic
463 3488 571 3544 autem
594 3483 752 3544 malorum
776 3482 983 3546 multitudine
1014 3485 1157 3566 exposita
1182 3493 1212 3547 et
1244 3488 1339 3549 amici

169 3588 403 3669 misericordia,
435 3608 548 3670 quam,
586 3607 660 3650 cum
694 3594 786 3671 poeta
817 3608 859 3652 ex
890 3591 992 3672 patria
1017 3590 1203 3671 discederet,
1227 3612 1339 3655 001100-

168 3695 264 3758 lando
289 3701 320 3757 et
343 3713 440 3778 prope
451 3713 551 3776 aeque
567 3695 703 3757 dolende
714 3697 916 3777 praestiterit,
927 3697 1065 3776 laudata
1090 3698 1224 3780 elegiam
1236 3700 1336 3781 ipsam

165 3803 215 3864 sic
240 3803 395 3864 instanter
419 3801 639 3864 adhortantem
663 3802 789 3865 inducit
812 3809 922 3886 poeta:

274 3907 355 3971 »Fac
379 3908 483 3988 modo,
507 3914 692 3971 constanter
714 3909 887 3992 profugum
911 3915 1039 3973 tueare:
1066 3911 1151 3991 cptiod
1175 3911 1238 3991 illc,

275 4013 337 4090 Qui
362 4013 444 4077 bene
467 4020 499 4077 te
521 4016 620 4095 norit,
644 4035 709 4076 non
733 4024 832 4097 rogat,
855 4017 923 4099 ipsa
947 4036 1048 4098 rogo«

166 4121 342 4184 Maximam
368 4128 476 4184 autern
501 4122 600 4182 animi
625 4123 871 4185 commotionem
896 4125 994 4205 spirat
1019 4124 1112 4206 eleg.
1137 4124 1176 4204 Υ,
1200 4127 1229 4204 6,
1254 4144 1335 4205 quae

163 4247 246 4291 sono
280 4249 345 4291 non
380 4227 545 4290 dissimilis
579 4235 626 4290 est
659 4230 792 4290 carmini
827 4231 847 4290 2
882 4230 1026 4292 eiusdem
1051 4229 1142 4310 libri,
1176 4231 1260 4312 qnod
1295 4233 1335 4294 ad

1083 4335 1121 4387 3*
1315 4331 1320 4338 ⁸
