2962 4762
634 208 673 217 ..
721 173 764 236 49
811 208 852 216 ....

153 352 374 434 relinquimus.
414 352 497 415 Sunt
516 353 602 414 enim
626 352 665 413 iis
688 351 776 430 locis,
800 350 856 412 ubi
880 360 972 432 pocta
996 351 1035 412 dc
1058 351 1246 414 condicione
1265 372 1324 414 sua

153 466 185 523 et
209 460 248 523 dc
268 460 383 522 studiis
403 460 469 522 suis
490 459 575 539 dicit,
594 460 677 521 inter
696 477 729 521 se
749 457 835 520 haud
855 458 1024 520 dissimilia
1043 464 1139 540 atque
1157 459 1192 520 in
1212 459 1323 522 eadem

152 586 186 630 re
211 587 285 629 cum
314 567 440 649 epistul.
465 585 505 629 ex
529 565 632 629 Ponto
656 565 690 645 1,
715 567 734 628 5
759 565 798 627 ad
823 563 946 627 Cottam
971 563 1182 628 Messalinum
1206 567 1324 649 scripta

153 675 358 737 conveniunt.
410 671 500 736 Haec
529 678 636 735 tamen
666 691 717 735 res
747 672 880 735 minime
903 691 962 734 nos
985 677 1089 755 potest
1113 691 1323 754 commovere,

153 790 189 845 ut
212 783 251 845 de
275 782 387 844 eodem
406 781 476 843 viro
500 781 534 842 in
553 779 618 842 illis
638 779 833 842 carminibus
857 779 1043 860 cogitemus,
1067 799 1139 842 curn
1160 781 1227 863 ipse
1247 778 1323 843 Ovi-

152 890 225 952 dius
249 891 338 972 epist.
363 907 404 951 ex
429 886 531 949 Ponto
555 886 614 966 111,
639 889 658 949 9
682 907 710 947 v.
736 888 778 949 39
802 906 888 968 seqq.
912 885 1117 968 profiteatur:

257 1049 354 1113 »Cum
377 1051 494 1112 totiens
518 1047 630 1110 eadem
654 1048 767 1127 dicam,
792 1048 847 1109 vix
871 1047 985 1110 audior
1009 1046 1085 1109 ulli:

259 1156 430 1239 Verbaque
453 1155 599 1238 profectu
624 1153 824 1216 dissimulata
848 1159 965 1217 carent.

258 1264 299 1326 llt
322 1269 429 1326 tamen
453 1263 532 1326 haec
555 1263 666 1324 cadem
690 1281 764 1324 curn
788 1261 860 1340 sint,
885 1280 948 1323 non
973 1261 1143 1325 scribimus
1166 1262 1269 1325 isdem

259 1371 395 1453 Unaque
418 1390 476 1454 per
498 1371 606 1454 plmes
630 1389 694 1432 vox
718 1387 789 1431 mea
812 1372 1046 1452 temptatopem.

258 1480 319 1558 An,
343 1497 385 1540 ne
408 1478 458 1540 bis
482 1496 611 1541 sensum
635 1477 734 1539 lector
757 1476 911 1560 reperiret
934 1475 1080 1556 eundem,

258 1585 352 1649 Unus
376 1575 561 1665 amicorum,
584 1584 693 1664 Brute,
717 1583 878 1666 rogandus
902 1583 1015 1645 erati«

151 1750 200 1810 Ac
228 1768 269 1810 ne
300 1745 422 1809 Kochio
453 1746 582 1827 quidem
616 1745 824 1823 assentimur,
858 1745 913 1826 qui
943 1743 963 1804 l.
987 1743 1006 1804 1.
1038 1763 1107 1826 pag.
1135 1745 1175 1806 10
1204 1742 1322 1806 Rufino

150 1855 240 1918 Trist.
271 1854 348 1936 eleg.
378 1853 417 1933 V,
449 1856 488 1914 12
519 1850 757 1914 inscribendam
795 1851 897 1912 videri
938 1856 1052 1914 censet.
1112 1848 1203 1913 Certe
1237 1851 1321 1913 enim

102 1995 104 1997 ·
152 1963 360 2044 diligentiam,
386 1981 448 2042 qua
468 1944 604 2022 Ovidius
627 1960 661 2020 in
685 1958 744 2020 hac
768 1958 871 2041 elegia
895 1959 1073 2020 carminum
1094 1975 1226 2020 suorum
1245 1977 1322 2040 neg-

151 2070 323 2152 legentiam
353 2086 508 2130 excusare
532 2066 672 2145 studeat,
702 2084 765 2126 non
792 2065 982 2128 dissimilem
1012 2083 1081 2127 esse
1112 2065 1321 2146 epistularum

151 2196 192 2238 ex
216 2175 318 2238 Ponto
344 2174 375 2253 Ι,
408 2177 427 2236 3
460 2173 552 2255 (falso
585 2172 653 2235 illic
680 2174 825 2256 legemus
852 2171 883 2251 1,
913 2170 1090 2253 4111111,
1122 2171 1322 2235 4111111111

151 2284 289 2365 ingenio.
336 2282 527 2344 Invenimus
546 2286 652 2343 tamen
676 2280 736 2342 hoc
759 2281 794 2341 in
814 2279 959 2361 epistulis
983 2279 1024 2341 ad
1042 2278 1197 2342 Rufinum
1220 2280 1321 2342 multo

151 2391 267 2460 minus,
300 2409 395 2471 quam
418 2390 452 2449 in
477 2388 541 2450 illis
566 2388 606 2450 ed
629 2386 768 2449 Brutum
791 2387 907 2466 missis
932 2386 971 2449 de
996 2385 1113 2468 quibus
1137 2387 1200 2448 iam
1225 2406 1321 2470 supra

153 2497 302 2559 diximus.
349 2494 437 2558 Haec
461 2501 583 2573 autem,
613 2513 695 2576 quae
728 2498 836 2557 noster
858 2495 893 2555 in
918 2493 1029 2576 elegiis
1054 2493 1092 2572 V,
1118 2497 1135 2554 7
1161 2497 1192 2554 et
1215 2492 1255 2573 V,
1281 2496 1320 2555 12

152 2604 238 2683 dicit,
263 2622 339 2665 sane
363 2602 402 2664 ad
427 2620 537 2664 omnes
561 2602 680 2664 amicos
704 2600 843 2663 scribere
866 2601 971 2683 potuit
979 2650 990 2680 ,Α
1011 2606 1167 2682 quantum
1192 2600 1321 2682 quidem

152 2730 209 2773 nos
233 2711 390 2772 videmus.
436 2708 475 2770 ln
499 2709 598 2771 altero
624 2711 709 2771 enim
734 2709 873 2771 carmine
898 2707 949 2791 (V,
975 2707 1321 2789 premonstratenses

153 2819 289 2897 cuidam,
313 2818 369 2898 qui
394 2817 422 2879 ei
437 2814 550 2890 Ovidii
575 2817 717 2878 carmina
735 2815 855 2879 Rornae
878 2817 993 2898 plausu
1015 2820 1045 2877 et
1068 2813 1220 2876 laudibus
1240 2814 1322 2877 elata

153 2945 221 2988 esse
252 2917 455 2987 nuntiaverat
486 2923 682 3005 exponitque
714 2925 769 3004 qui
793 2922 864 3001 fiat,
892 2928 942 3002 ut,
974 2941 1169 3004 quamquam
1193 2940 1257 2983 non
1282 2923 1322 2984 sit

152 3032 272 3115 gloriae
296 3031 449 3114 cupidus,
473 3036 580 3092 tamen
604 3029 673 3092 loco
697 3035 762 3091 tam
791 3049 902 3112 aspero
927 3036 958 3093 et
980 3031 1065 3092 inter
1088 3029 1233 3092 homines
1257 3036 1322 3091 tam

152 3140 236 3201 feros
267 3147 298 3201 et
324 3138 464 3200 incultos
495 3139 590 3199 ctiam
618 3139 761 3199 carmina
794 3144 970 3220 componat.
1021 3137 1060 3198 lu
1092 3136 1191 3199 altera
1214 3141 1322 3198 autem

153 3245 256 3328 elegia
280 3245 330 3325 (V,
352 3247 404 3324 12)
424 3246 562 3306 amicum
583 3245 766 3327 alloquitur,
791 3246 846 3327 qui
867 3264 949 3324 eum,
974 3249 1009 3306 ut
1027 3243 1224 3306 lacrimabile
1243 3248 1322 3305 tem-

152 3373 212 3435 pus
250 3353 340 3414 exilii
374 3352 479 3414 studio
520 3352 708 3432 oblectaret,
749 3353 782 3414 in
824 3352 968 3434 epistulis
1002 3353 1068 3413 suis
1106 3351 1321 3414 admonuerat.

153 3459 325 3522 Profitetur
348 3464 455 3521 nutem
487 3460 674 3541 »ingenium
699 3479 794 3521 suum
818 3460 914 3542 longa
937 3459 1086 3541 rubigine
1110 3459 1233 3520 laesum
1257 3464 1320 3520 tor-

94 3578 96 3582 ‘
152 3586 245 3649 perc«
275 3575 305 3628 ct
328 3566 421 3628 valde
446 3585 515 3629 esse
540 3566 748 3630 deminutum.
794 3565 909 3648 ltaque
940 3567 1083 3628 carmina
1107 3584 1236 3647 quoquc
1266 3564 1321 3626 illo

152 3673 221 3735 loco
242 3679 272 3735 et
291 3678 433 3756 tempore
453 3672 543 3736 exilii
563 3674 736 3756 composita
759 3674 848 3756 parvi
873 3692 941 3736 esse
966 3673 1170 3735 aestimanda.
1205 3671 1322 3747 Quam-

153 3802 249 3864 quam
268 3800 343 3843 vero
368 3799 461 3842 nemo
485 3781 552 3843 illic
580 3782 634 3861 sit,
659 3782 711 3843 cui
740 3782 856 3863 scripta
880 3801 938 3843 sua
961 3781 1067 3863 legere
1091 3782 1202 3863 possit5
1227 3788 1322 3863 atque

152 3891 297 3971 linguam
325 3887 532 3950 vernaculam
564 3888 754 3951 dedidicisse
785 3887 846 3951 sibi
875 3887 1037 3968 videatur,
1060 3893 1166 3950 tamen
1196 3908 1229 3951 se
1257 3893 1346 3950 non'

152 4017 244 4079 posse
269 3996 408 4074 retineri,
434 3996 512 4077 quin
536 3996 631 4058 etiam
654 3996 688 4057 in
708 3997 806 4059 exilio
831 3996 972 4058 carmina
995 3999 1171 4077 componat.

243 4104 398 4168 Videmus
421 4105 521 4187 igitur
543 4124 619 4167 sane
642 4106 747 4168 inesse
770 4107 805 4166 in
829 4104 878 4166 his
902 4103 1098 4166 carminibus
1118 4101 1323 4184 significatio-

153 4233 219 4294 nes,
239 4233 318 4295 quas
337 4219 406 4276 turn
423 4211 531 4275 Ovidii
550 4213 643 4276 amici
662 4211 782 4278 Romae
800 4212 986 4296 intellegere
1003 4215 1185 4294 potuerunt,
1205 4211 1323 4292 quibus
1402 4286 1404 4290 ι

1093 4320 1109 4370 4
