2962 4762
631 175 848 234 -13—-

524 438 684 519 sextus
712 437 965 538 Pompeius·

242 634 304 697 Hie
328 636 379 697 vir
402 642 499 704 ortus.
525 640 560 696 ut
584 633 706 697 Seneca
724 632 857 713 tradit¹),
881 654 898 696 e
918 633 1049 716 Pompei
1069 632 1180 716 Magni
1198 633 1329 713 familia,

154 744 246 805 euius
266 743 373 824 stirpis
393 741 526 803 ultimus
546 747 613 825 erat
632 738 843 823 p1·ognat11s²'),
862 742 934 803 Sex.
954 739 1143 827 Pompeium
1163 739 1327 803 consulem

156 850 232 910 anni
256 868 286 911 u.
313 868 338 910 e.
365 850 427 910 719
452 846 563 910 habuit
586 850 746 930 patreml).
792 845 900 908 Huius
924 855 1031 910 autem
1056 867 1135 909 arus
1165 853 1232 909 ora-t
1255 846 1328 911 Sex.

152 955 326 1036 Pompeius
357 957 430 1018 Sex.
460 952 493 1015 F.
525 952 580 1018 On.
611 951 659 1024 N..
696 955 751 1037 qui
780 959 913 1036 patruus
942 951 996 1015 On.
1028 953 1161 1036 Pompei
1189 952 1263 1033 e'rat,
1288 960 1329 1034 et,

153 1067 188 1125 ut
218 1063 262 1124 uit
294 1060 403 1123 Cicero
436 1062 468 1121 in
503 1059 595 1149 Bruti
627 1079 693 1142 unp.
725 1062 765 1121 47
790 1079 896 1142 parag.
923 1062 995 1126 175.
1017 1061 1327 1142 praestantissimum

152 1169 318 1252 ingenium
343 1167 520 1230 contulerat
552 1167 592 1229 ad
617 1183 775 1228 siunmam
805 1167 884 1228 inn's
909 1166 1013 1228 civilis
1026 1166 1068 1229 ‘et
1091 1168 1130 1230 ad
1154 1168 1328 1250 perlectam

153 1258 346 1357 geometriae
379 1279 409 1336 et
440 1293 547 1336 rerum
578 1274 750 1335 stoicorum
782 1272 948 1335 seientiam
957 1272 991 1337 ἢ.
1037 1272 1190 1337 Nostrum
1220 1281 1327 1338 autem

152 1381 225 1444 Sex.
258 1380 467 1464 Pompeium,
505 1379 611 1442 Ovidii
646 1380 804 1443 amicum.
835 1378 947 1441 eodem
980 1398 1082 1459 nnno,
1116 1401 1179 1462 quo
1213 1381 1329 1445 Caesar

153 1489 322 1570 Augustus
354 1488 439 1551 diem
470 1485 549 1549 obiit
580 1505 765 1568 supremum
797 1499 893 1553 larino
924 1506 951 1567 p.
984 1485 1053 1548 Ulrr.
1085 1488 1138 1557 14)
1162 1488 1326 1551 consulem

151 1595 250 1657 fuisse
274 1614 348 1657 eum
373 1598 446 1657 Sex.
469 1593 608 1675 Apuleio
641 1600 671 1654 et
702 1574 842 1673 prinnini
866 1611 940 1654 eum
970 1592 1090 1675 collega
1115 1614 1182 1673 suo,
1205 1600 1242 1656 ut
1264 1601 1328 1657 tra·

153 1701 198 1763 ‹lit
229 1699 356 1763 Tacitus
367 1703 400 1782 3l,
432 1702 465 1761 in
498 1698 596 1762 rerba
628 1697 743 1760 'liberii
777 1696 919 1761 Caesaris
952 1700 1121 1765 iuravisse.
1160 1701 1328 1783 permultis

151 1816 295 1877 veterum
346 1808 536 1890 scriptorum
586 1807 666 1868 loeis
707 1811 737 1867 et
780 1804 1041 1886 inscriptionibus
1079 1805 1325 1888 confirmatore).

152 1915 239 1978 lnter
268 1915 340 1976 illos
371 1918 477 1976 autem
509 1911 569 1974 Dio
601 1913 620 1974 l.
652 1911 732 1974 infra
766 1911 783 1974 l.
809 1918 839 1972 et
872 1910 1062 1993 Pompeium
1094 1918 1125 1975 et
1147 1914 1324 1996 Apuleium

153 2041 226 2084 eum
251 2022 399 2103 Augusto
423 2020 522 2082 tuisse
546 2019 782 2102 propinquitate
802 2018 990 2081 ooniunetos
1015 2018 1108 2081 dieit:
1133 2019 1246 2085 ἐκεῖνοί
1270 2023 1324 2100 (se.

152 2127 179 2192 oi
202 2125 329 2207 ὕπατοι)
352 2148 387 2190 τε
413 2121 472 2209 γὰρ
494 2133 652 2206 συγγενεῖς
677 2145 721 2204 πῃ
742 2127 797 2187 τοῦ
822 2118 1000 2205 Αὐγούστου
1023 2121 1113 2200 ὄντες
1137 2114 1234 2215 ἦρχον
1253 2131 1324 2194 κτλ.

152 2238 221 2310 Quo
245 2234 365 2296 factum
390 2240 446 2299 est.
480 2240 514 2294 ut
547 2238 649 2293 totum
673 2251 729 2313 per
753 2250 872 2292 annum
907 2233 1108 2295 consulatum
1136 2242 1283 2316 gererent
1294 2236 1316 2316 7)

151 2342 247 2404 Amin
266 2363 295 2424 p.
316 2339 386 2403 0111:
407 2341 449 2402 20
468 2342 541 2402 Sex.
562 2337 734 2420 Pompeius
753 2337 873 2399 Romae
892 2338 953 2400 fuit
970 2340 1193 2422 reeusaritque
1213 2341 1325 2404 eodem

152 2468 244 2527 anno,
273 2467 314 2509 ne
348 2445 402 2508 Gn.
426 2445 592 2509 Pisonem.
616 2446 672 2526 qni
696 2451 864 2506 aecnsatns
889 2453 963 2525 erat,
988 2446 1073 2526 quod
1099 2446 1324 2510 Germanicum

151 2575 274 2619 veneno
307 2553 495 2630 necavisset,
526 2550 710 2613 defenderet
723 2549 755 2620 ll.
803 2548 928 2625 Quanta
952 2559 1060 2615 autem
1083 2554 1271 2617 alletoritate
1295 2561 1326 2617 et

151 2662 271 2737 honore
302 2659 387 2742 apud
417 2657 580 2721 Tiberium
612 2678 740 2740 quoque
764 2656 916 2738 timuerit,
947 2677 985 2721 ex
1016 2680 1051 2720 eo
1076 2659 1218 2743 intellegi
1244 2661 1327 2733 licet,

223 2874 242 2940 ¹2)
262 2873 294 2925 de
314 2871 452 2924 benefieiis
470 2869 517 2935 lv.
537 2873 586 2922 30:
607 2870 757 2922 ..Ciceronis
775 2869 861 2921 lilium
882 2885 951 2936 qrrae
969 2885 1012 2922 res
1032 2870 1169 2924 consulem
1188 2871 1253 2924 feeit
1270 2872 1325 2925 nisi

150 2961 247 3028 pater?
279 2960 391 3014 Cinnam
411 2974 497 3025 nuper
516 2973 584 3025 quae
603 2973 646 3010 res
665 2958 697 3010 ad
717 2957 888 3011 eonsulatum
907 2957 1010 3025 recepit
1028 2975 1062 3011 ex
1075 2959 1195 3012 hostium
1208 2961 1327 3014 eastris?

151 3066 219 3117 qnae
248 3048 362 3101 Sextum
388 3031 565 3114 Pompeium
582 3044 702 3113 aliosque
730 3045 871 3114 Pompeios
902 3046 955 3100 nisi
980 3048 1061 3100 unius
1087 3048 1140 3100 riri
1166 3049 1327 3118 magnitudo

153 3142 230 3192 tanta
249 3139 390 3205 qnondam,
409 3140 441 3189 ut
459 3136 527 3188 satis
547 3133 602 3187 alte
620 3151 711 3186 omnes
731 3151 793 3188 suos
812 3135 897 3189 etiam
916 3136 996 3190 rnina
1015 3137 1074 3189 eius
1093 3136 1250 3191 attolleret?

58 3291 61 3297 Ι
223 3227 244 3294 ’ἔγ
263 3225 358 3279 Annal.
378 3225 465 3278 instit..
486 3223 558 3276 aruh.
579 3222 630 3275 rol.
650 3223 706 3275 XX
724 3240 783 3292 pag.
804 3228 852 3277 ί241
875 3240 929 3292 seq.
950 3249 984 3266 2-
1003 3225 1132 3295 Borghesi
1154 3225 1273 3280 llenrres
1291 3228 1327 3294 V,

150 3332 210 3384 pag.
233 3319 283 3369 130
301 3332 374 3382 seqq.
395 3312 574 3381 of.Nippe1·d.
596 3313 629 3364 ael
648 3311 732 3365 Tacit.
752 3314 821 3364 Ana.
842 3313 891 3379 ΙΙΙ,
912 3317 953 3367 72.

224 3404 244 3465 ³)
263 3403 315 3458 Dio
334 3403 434 3456 xllx.
459 3406 497 3468 is,
517 3407 559 3456 33.
598 3400 625 3454 C.
645 3401 667 3454 J.
688 3400 717 3452 L.
737 3400 759 3466 l,
778 3418 803 3468 p.
825 3406 883 3454 ool.

224 3495 245 3547 ⁴l
265 3493 298 3545 ef.
318 3492 467 3557 umnam,
489 3490 652 3543 llesolriolrte
671 3489 760 3542 lioms.
793 3490 845 3542 rol.
864 3490 911 3557 IV,
932 3507 990 3561 pag.
1010 3497 1069 3546 311.

222 3582 243 3648 ³)
262 3584 331 3634 Ann.
350 3581 371 3647 L
391 3584 415 3634 7.

223 3671 244 3731 “l
263 3669 396 3736 nioln'l,
410 3673 452 3722 29.
490 3667 613 3720 Velleius
632 3666 735 3719 Patere.
755 3667 790 3720 Π.
807 3672 864 3734 123.
878 3672 903 3722 3.
942 3669 1009 3722 Suet
1028 3669 1122 3723 (letas.
1146 3674 1202 3724 100.
1240 3671 1325 3725 Tacit.

150 3759 167 3811 l.
189 3779 211 3812 ο.
250 3759 369 3812 Cassiod.
395 3766 421 3811 et
445 3757 515 3810 inst.
537 3755 589 3810 sie.
610 3772 633 3808 a.
654 3760 713 3808 766.
757 3756 784 3808 (ζ’.
804 3757 828 3808 J.
848 3757 877 3810 L.
898 3757 946 3810 lli.
968 3775 992 3811 n.
1013 3763 1072 3813 717.
1093 3775 1152 3827 pag.
1175 3763 1236 3812 132:
1263 3760 1324 3813 Sex.

150 3848 277 3916 Pompeio
296 3851 324 3900 et
342 3847 402 3900 Sex.
422 3845 537 3913 Apuleio
556 3861 608 3898 cos.
646 3848 672 3897 (Ἃ
686 3844 710 3897 J.
724 3844 753 3897 L.
773 3845 821 3898 ill.
842 3862 901 3915 pag.
916 3851 968 3901 776
988 3847 1015 3899 in
1035 3864 1153 3902 monum.
1191 3851 1325 3916 Aney1·.2
1408 3890 1409 3897 .

150 3937 197 3989 lin.
218 3942 241 3990 9.
280 3937 310 3990 G.
328 3935 527 3988 Wilruanns:
560 3933 691 4001 Exempla
709 3933 917 4001 inscriptionum
935 3935 1082 3989 latinamm
1100 3953 1125 3988 n.
1147 3940 1216 3989 2599
1227 3962 1260 3980 π
1271 3936 1325 3990 rol.

150 4027 170 4079 l.
191 4042 250 4096 pag.
273 4029 331 4079 160.
467 4028 470 4034 ’

224 4117 244 4169 ⁷l
263 4113 374 4168 Henzen
394 4117 471 4167 6442.
510 4113 537 4165 s.
556 4112 580 4165 J.
600 4112 629 4164 L.
650 4111 701 4164 vol.
721 4112 743 4164 l.
762 4129 788 4165 n.
807 4112 884 4180 XIV,
904 4129 963 4182 pag.
983 4117 1043 4168 475.
1063 4113 1111 4166 llI.
1136 4119 1156 4166 1.
1176 4130 1202 4166 n.
1223 4117 1281 4167 717.

224 4207 243 4259 ⁸)
263 4203 346 4256 Tacit.
366 4206 435 4277 Anu.
455 4201 504 4265 ΠΙ,
526 4206 565 4253 11.
604 4200 734 4269 Borghesi
755 4202 875 4254 (inaures
894 4202 927 4268 Y,
949 4207 1007 4256 135.
