2962 4762
656 191 854 252 ,6-

163 387 235 429 runr
253 385 317 428 non
337 386 355 429 a
374 373 466 449 poeta
486 368 555 448 ipso
572 367 627 429 sed
645 387 663 429 a
683 367 865 429 scholiastis
883 366 1042 450 profectos
1061 384 1130 429 esse
1149 365 1344 429 verisimilli-

164 493 254 534 mum
278 472 354 556 sit)
765 461 767 464 ’

253 579 383 642 Certum
412 586 460 642 est
495 580 584 662 epist.
616 563 665 642 ex*
686 578 790 643 Ponto
822 578 848 660 Ι,
871 581 892 642 2
917 585 948 642 et
970 578 1031 658 III,
1062 578 1220 642 3Paullo
1244 577 1343 642 Fabio

163 685 310 749 Maximo
334 704 404 749 esse
428 685 560 765 dandas,
584 705 659 748 num
684 691 716 749 et
739 685 829 749 illius
853 704 935 749 vers.
959 688 979 750 3
1004 705 1073 768 seq:

316 791 392 868 »Qui
416 793 507 855 nasci
530 797 567 854 ut
589 810 709 875 possea,
734 793 883 874 quamvis
907 793 1051 856 cecidere
1074 793 1218 873 trecenti,

314 896 389 962 Nou
414 917 526 962 omnes
550 897 666 962 Fabios
692 898 825 962 abstulit
848 899 1022 962 irradies«

134 992 194 1069 'et
218 1007 315 1068 huius
337 1024 419 1068 vers.
444 1007 479 1067 2:

374 1110 415 1173 »O
440 1112 530 1174 sidus
553 1110 679 1179 Fabiae.
704 1111 862 1194 Maxime,
885 1114 992 1196 gentis
1015 1112 1105 1176 ades«

163 1219 336 1282 Fabiorum
361 1219 466 1302 gentis
489 1219 526 1282 fit
549 1219 679 1282 mentio
734 1218 851 1282 Eidem
875 1238 952 1282 vero
977 1220 1079 1282 amico
1103 1218 1178 1281 libri
1201 1219 1250 1281 III
1276 1220 1341 1302 epi·

163 1327 329 1390 stolam-8
360 1325 565 1389 tribuendam
596 1343 666 1388 esse
697 1327 754 1387 vix
780 1326 953 1408 quisquam
977 1324 1116 1408 negabit.
1162 1324 1246 1388 Nam
1270 1343 1341 1388 ver·

162 1453 217 1496 snb
244 1436 281 1494 7⁸
312 1520 476 1604 »Purpura
499 1539 594 1605 saepe
618 1527 691 1584 tuos
715 1520 845 1603 fulgens
869 1521 1029 1603 praetexit
1052 1521 1203 1584 amictus«

160 1646 264 1709 multo
285 1647 390 1727 aptius
415 1645 454 1708 de
473 1644 572 1708 Fabio
590 1643 735 1707 Maximo
754 1646 824 1707 viro
843 1644 956 1708 multis
976 1644 1152 1707 honoribus
1170 1644 1339 1729 perfuncto

161 1753 288 1833 dicitur,
312 1771 408 1833 quam
434 1752 474 1815 de
496 1750 640 1815 Maximo
665 1750 763 1815 Cotta.
1107 1821 1110 1827 ,

248 1859 300 1921 Ad
333 1857 513 1921 Maximum
549 1866 656 1922 autem
691 1856 816 1923 Cottam
849 1857 1004 1941 epistulas
1033 1857 1076 1936 ΙΙ,
1109 1860 1128 1921 8
1162 1864 1194 1921 et
1225 1855 1285 1937 ΠΙ,
1318 1859 1338 1919 2

160 1967 295 2048 scriptas
326 1984 405 2044 esse,
435 1983 477 2027 ex
508 1963 759 2028 allocutionibus
787 1963 945 2030 »Maxime
976 1963 1081 2029 Cotta«
1110 1963 1165 2048 (ΙΙ,
1197 1966 1226 2045 8,
1249 1965 1282 2044 2)
1307 1969 1339 2027 et

159 2070 278 2135 »Cotta«
308 2070 381 2155 (ΙΙΙ,
404 2072 435 2152 2,
461 2070 492 2153 1)
520 2073 597 2134 satis
626 2077 764 2154 apparet.
816 2070 933 2134 Eidem
965 2077 1074 2135 autem
1098 2070 1272 2134 tribuimus
1294 2069 1338 2152 11,

160 2181 189 2242 3.
236 2176 318 2241 Nam
344 2178 431 2261 quod
454 2176 599 2241 Kochius
612 2179 657 2241 in
682 2178 918 2241 dissertationis
942 2197 1019 2242 suae
1042 2197 1113 2262 pag.
1139 2181 1157 2240 7
1177 2181 1209 2241 et
1227 2176 1338 2240 Weid-

157 2305 256 2348 nerus
289 2282 532 2357 adducendis
565 2286 651 2348 satir.
681 2283 750 2366 ΙΙΙ,
785 2287 813 2364 7,
847 2286 888 2347 95
926 2285 1047 2367 aliique
1080 2283 1206 2367 epistul.
1240 2282 1283 2363 ΙΙ,
1316 2286 1335 2346 3

157 2391 257 2455 Fabio
290 2391 433 2455 llaximc
466 2390 707 2455 inscribendum
741 2409 811 2454 esse
853 2397 1002 2472 censent,
1034 2391 1168 2454 mininie
1200 2389 1336 2472 probare

158 2518 330 2581 possumus
353 2504 483 2582 propter
505 2517 586 2561 vers.
613 2500 653 2561 75
678 2516 771 2580 seqq:

255 2641 256 2645 ¹
308 2621 375 2686 »lde
398 2630 475 2686 tuus
497 2623 553 2686 ille
576 2628 675 2707 pater,
698 2621 808 2685 Latiae
832 2621 984 2685 facundia
1006 2622 1147 2706 liuguae,

311 2728 401 2804 Quae
425 2748 490 2792 non
514 2728 648 2792 inferior
671 2727 840 2792 nobilitate
862 2727 933 2810 fuit,

310 2834 441 2898 Primus
464 2842 502 2898 ut
524 2835 676 2899 auderem
702 2836 902 2899 committere
926 2837 1069 2899 carurine
1092 2835 1196 2900 famae

307 2941 456 3025 Impulit:
480 2940 608 3026 Ingenii
633 2942 701 3004 dux
725 2941 788 3005 fuit
810 2941 866 3005 ille
889 2943 984 3005 mei«-

157 3063 242 3128 Num
275 3084 317 3129 ex
349 3066 421 3129 aliis
454 3066 601 3150 epistulis
634 3067 675 3129 ad
707 3064 831 3130 Cottam
864 3067 999 3149 scriptis,
1032 3074 1068 3130 ut
1091 3067 1200 3149 paullo
1223 3073 1334 3151 postea

159 3172 298 3255 amplius
331 3191 540 3257 exponemus,
571 3173 796 3256 cognoscimus
827 3174 887 3236 hcc
916 3173 986 3236 loco
1014 3175 1180 3238 nominem
1203 3174 1267 3238 nisi
1289 3173 1331 3236 M.

158 3277 329 3342 Messalam
354 3277 538 3360 Corvinum,
562 3278 671 3344 Cottae
694 3285 827 3364 patrem,
849 3278 1001 3363 intellegi
1016 3299 1118 3364 posse.
1205 3288 1207 3297 '

248 3385 334 3462 Quin
359 3391 466 3450 autem
491 3386 618 3470 epistol.
642 3386 667 3468 Ι,
691 3388 711 3450 5
736 3386 841 3450 eidem
866 3385 974 3450 Cottae
997 3385 1169 3451 tribuenda
1193 3389 1331 3469 sitnon

159 3494 219 3556 crit
242 3491 388 3582 dubium,
412 3494 438 3556 si
463 3493 560 3556 huius
583 3493 736 3556 carminis
758 3511 840 3556 vers.
864 3495 906 3555 57
931 3498 963 3556 et
986 3495 1044 3556 58:

318 3598 442 3662 »Gloria
464 3619 522 3663 vos
547 3606 650 3682 acuat,
673 3620 740 3682 roe,
763 3605 801 3663 ut
823 3600 956 3663 recitata
979 3599 1155 3682 probentur

266 3727 270 3732 ·
319 3706 477 3787 Carmina,
500 3705 616 3770 Pieriis
639 3706 807 3790 invigilate
831 3705 949 3769 choris«

159 3813 452 3906 comparaverimus
474 3832 549 3876 cum
573 3833 621 3897 ep.
644 3831 687 3876 ex
709 3811 813 3877 Ponto
836 3811 894 3893 IV,
920 3814 960 3876 16
984 3833 1012 3875 v.
1036 3815 1077 3877 41
1103 3833 1174 3898 seq:

156 3935 214 4001 »Pe
223 3943 331 4000 tamen
341 3938 375 4000 in
387 3936 496 4001 turba«
507 3975 548 3987 -—
560 3955 677 4021 nempe
686 3942 855 4022 poetarum
866 3975 907 3984 -
922 3956 1002 4000 anon
1012 3939 1117 4001 ausim
1127 3937 1218 4001 Cotta
1228 3939 1331 4019 silere,

156 4041 322 4106 Pieridum
347 4043 458 4108 lumen
482 4044 744 4127 praesidiumque
767 4043 842 4107 forie

231 4220 250 4290 ¹)
269 4221 303 4273 cf.
339 4220 421 4274 Korn.
441 4221 522 4288 praef.
540 4220 577 4273 ad
591 4220 660 4274 edit.
680 4219 759 4288 epist.
779 4236 811 4272 ex
830 4218 924 4281 Ponto.
943 4236 1003 4289 pag.
1023 4218 1143 4273 XXXII.
