2962 4762
629 205 849 265 ...25-

150 382 285 439 matrem
296 397 399 445 suam.
418 379 525 440 Atiam
538 381 704 460 minorem,
720 401 793 444 cum
805 382 943 465 Augusti
955 383 1076 446 familia
1087 386 1324 467 propinquitate

152 482 218 547 erat
242 485 440 547 coniuncta..
470 483 574 560 Quam
599 488 637 549 ad
662 506 729 551 rem
755 496 875 570 spectat
900 487 1035 552 Ovidius
1065 492 1096 552 in
1126 492 1251 574 epistul.
1284 512 1324 554 ex

151 590 254 654 Ponto
277 590 302 657 Ι.
327 593 355 653 2.
379 610 409 653 ν.
436 594 498 655 137
523 612 623 675 seqq:

197 732 303 796 »Hanc
326 734 439 817 probat
463 744 494 798 et
517 736 620 818 primo
646 734 793 799 dilectam
818 756 944 819 semper
967 737 1006 800 ab
1033 758 1111 802 aero

197 839 254 904 nst
277 842 361 904 inter
384 843 517 904 comites
541 840 659 905 Marcia
685 862 779 906 censa
804 863 886 912 suas.

197 947 301 1030 Inque
326 949 392 1010 suis
416 947 528 1011 habuit
552 957 720 1012 matertera
746 948 889 1014 Caesaris
914 957 999 1013 ante:

199 1054 343 1130 Quarum
362 1054 482 1118 iudicio
502 1056 526 1116 si
550 1076 612 1138 qua
636 1057 777 1139 probata,
799 1056 898 1140 proba
923 1066 988 1120 est«
1012 1065 1043 1121 et
1066 1056 1147 1121 Fast.
1174 1058 1229 1126 l'l,
1253 1060 1325 1122 802.

154 1199 267 1280 Itaque
290 1198 384 1261 facile
413 1198 639 1281 intellegimus,
664 1219 722 1261 rur
744 1199 864 1262 Mareia
884 1199 1003 1267 Liviae,
1036 1200 1193 1282 Augusti·
1208 1203 1327 1267 uxoris.

155 1308 268 1369 intima
291 1305 396 1368 fuerit.
444 1303 547 1380 Quam
572 1306 774 1369 familiariter
797 1315 904 1369 autem
929 1306 1063 1369 Paullus
1082 1306 1200 1371 Fabius
1224 1307 1328 1370 Mari·

119 1445 121 1450 v
154 1433 228 1476 mus
247 1414 396 1495 Airgrrsto
417 1433 494 1474 usus
518 1413 567 1493 sit,
591 1415 709 1495 optime
729 1432 770 1475 ex
790 1432 836 1479 eo,
861 1413 946 1494 quod
967 1414 1005 1477 de
1028 1420 1131 1477 morte
1150 1414 1247 1477 huius
1266 1416 1326 1476 riri

155 1520 299 1583 traditur.
327 1528 464 1602 apparet.
503 1519 583 1583 Cum
604 1520 689 1583 enim
712 1521 880 1602 Augustus
901 1540 942 1582 ex
963 1521 1077 1583 itinere
1095 1521 1160 1600 illo,
1181 1521 1265 1603 quod
1289 1523 1328 1584 ad

156 1626 324 1690 risendum
340 1626 516 1710 Agrippam
537 1626 726 1689 Postumum
747 1634 893 1709 nepotem
908 1625 1090 1688 Planasiam
1109 1630 1329 1710 susceperant,

157 1742 187 1797 et
211 1736 243 1796 in
270 1755 342 1815 quo.
367 1743 402 1796 ut
425 1735 488 1796 iam
508 1754 604 1816 supra
624 1734 778 1799 diximus.
796 1730 915 1795 Fabius
934 1751 1008 1795 erun
1028 1752 1133 1796 eomes
1157 1754 1243 1796 unus
1262 1742 1329 1797 erat

156 1850 358 1924 prosecutus.
390 1839 524 1903 Romam
548 1859 696 1902 reversus
726 1850 824 1906 esset.
855 1838 975 1902 Fabius
1007 1837 1161 1902 Marciam
1193 1860 1328 1903 uxorem

158 1948 325 2009 certiorem
383 1948 458 2010 feeit
519 1947 558 2010 de
609 1946 806 2030 benignitate
855 1951 885 2008 et
936 1945 1173 2013 benevolentia.
1234 1968 1329 2029 quam
1420 1990 1425 1995 -

159 2052 273 2117 Caesar
298 2072 373 2137 erga
400 2060 547 2136 nepotem
576 2055 774 2137 praestiterat
783 2056 816 2131 ²).
864 2051 956 2127 Quod
985 2053 1041 2114 illa
1064 2052 1174 2117 Liviae
1198 2056 1330 2137 aperuit.

157 2159 246 2223 Haec
266 2166 370 2223 autem
391 2161 577 2243 Augustum
596 2161 804 2244 appellanti),
824 2160 889 2240 qui,
908 2178 981 2221 cum
1002 2158 1040 2222 de
1059 2159 1157 2222 Fabio
1177 2162 1331 2244 suspicio-

156 2287 230 2331 nem
258 2268 396 2346 haberet,
425 2268 471 2329 illi
502 2274 548 2330 est
580 2269 721 2346 natusq.
768 2266 882 2350 Itaque
913 2285 986 2328 cmn
1010 2264 1144 2329 Paullus
1168 2267 1330 2330 Maximus

158 2376 264 2457 paullo
288 2382 396 2458 postea
421 2374 505 2437 diem
525 2374 626 2437 obiret
646 2391 933 2456 sup1·e1nun1‚eurn
953 2372 1014 2434 sibi
1035 2392 1165 2436 manum
1183 2374 1331 2436 intulisse

157 2481 311 2564 putabant
340 2482 378 2563 [a.
404 2502 432 2564 p.
458 2480 528 2543 Chr.
556 2484 617 2559 14).
664 2481 701 2542 Id
725 2486 831 2542 autem
855 2485 996 2563 tempore
1019 2481 1103 2542 inter
1136 2498 1208 2542 cum
1238 2480 1331 2557 diern,

159 2589 214 2670 qui
237 2589 298 2651 fuit
328 2589 431 2671 pridie
461 2587 538 2650 ldus
566 2587 668 2650 llaias
692 2594 722 2650 et
751 2587 835 2649 diem
864 2585 946 2648 XIV
971 2586 1125 2649 Calendas
1155 2585 1329 2669 Septembr.

157 2696 275 2758 factum
296 2715 373 2762 esse,
393 2696 463 2758 ideo
484 2697 553 2757 iure
573 2696 717 2756 conicere
737 2713 917 2775 possumus,
942 2693 1027 2775 qrmd
1047 2692 1102 2756 illo
1127 2692 1178 2754 die
1197 2692 1342 2755 Paullus·

160 2999 250 3049 autem
270 2996 423 3050 Bocckhius
450 3012 512 3048 cum
536 2996 564 3048 in
584 2997 612 3048 C.
632 2996 656 3048 J.
677 2995 720 3048 Gr.
742 2994 793 3047 rol.
813 2995 838 3046 Π
858 3011 918 3062 pag.
939 2997 990 3046 442
1014 2993 1062 3046 lios
1081 2993 1148 3046 dnos
1167 2991 1195 3044 L.
1215 2991 1331 3044 Marcios

158 3084 297 3153 Philippos
321 3084 462 3138 contundit
491 3088 517 3137 et
541 3088 621 3152 putat
644 3083 802 3151 Philippum
826 3085 930 3150 patrem
953 3082 1087 3149 Marciae,
1113 3098 1176 3135 cum
1199 3079 1273 3134 illam
1298 3096 1331 3131 ex

159 3173 212 3227 alio
231 3174 355 3242 coniugio
375 3174 521 3243 genuisset.
540 3189 653 3226 uxorem
667 3173 776 3225 duxisse
790 3174 904 3224 matrem
918 3170 1070 3224 octaviani.
1090 3171 1182 3223 Atiam
1196 3168 1330 3221 maiorem.

232 3282 251 3340 ί)
276 3282 308 3334 de
336 3281 419 3334 huius
449 3280 556 3333 itineris
586 3295 667 3332 cansa
694 3279 860 3332 Plutarchus
890 3278 907 3331 l.
932 3294 954 3330 c.
981 3260 1048 3331 haec
1074 3278 1164 3331 affort:
1200 3273 1332 3344 Φούλβιος

159 3369 188 3423 δὲ
208 3368 221 3423 ὁ
242 3369 376 3438 Καίσαρος
395 3365 497 3436 ἑταῖρος
515 3372 560 3421 τοῦ
582 3370 737 3438 Σεβαστοῦ,
757 3369 877 3436 γέροντος
900 3365 954 3434 ἤδη
973 3363 1111 3435 γεγονότος
1130 3362 1248 3425 οἰκούσας
1270 3361 1331 3416 όδν-

160 3459 267 3526 ρομένον
281 3458 328 3527 τὴν
341 3458 400 3525 περί
420 3457 465 3511 τὸν
479 3450 508 3513 οἶ
511 3476 556 3512 κον
576 3458 697 3525 ἐρημίαν,
716 3457 762 3510 καί
782 3455 894 3510 ὅτιτῶν
913 3453 959 3523 μὲν
979 3459 1049 3508 δυοῖν
1068 3456 1231 3522 θυγατριδῶν
1251 3450 1331 3506 αότοῦ

161 3546 346 3615 ἀπολωλότων,
368 3548 538 3615 Ποστουμίου
557 3545 594 3614 δὲ,
615 3544 645 3608 ὃς
665 3547 702 3600 ἔτι
722 3545 812 3607 λοιπός
832 3546 913 3612 ἐστιν,
934 3545 963 3599 ἐκ
983 3546 1110 3614 διαβολῆς
1129 3561 1196 3604 τινος
1215 3542 1240 3596 ἐν
1259 3544 1330 3610 φυγῇ

161 3635 243 3704 ὄντος,
262 3635 440 3705 ἀναγκάζεται
459 3635 504 3690 τὸν
523 3639 572 3704 τῆς
591 3635 715 3705 γυναικὸς
739 3633 800 3688 υἱὸν
821 3632 966 3703 ἐπεισάγειν
980 3637 1013 3702 τῇ
1035 3635 1147 3702 διαδοχῇ
1168 3635 1216 3700 τῆς
1235 3629 1331 3699 ἡγεμο-

160 3727 228 3794 νίας,
249 3726 342 3792 καίπερ
364 3726 496 3792 οἰκτείρων
515 3725 560 3779 καί
581 3722 770 3794 βουλευόμενος
790 3724 818 3778 ἐκ
837 3727 886 3791 τῆς
905 3720 1047 3789 ὑπερορίας
1071 3719 1264 3775 ἀνακαλεῖσλαο
1287 3719 1332 3771 τὀν

161 3818 341 3884 θυγατριδοῦν.

232 3923 252 3983 l)
271 3923 353 3976 Tacit.
374 3925 442 3975 Anu.
463 3921 483 3978 l.
506 3927 532 3973 a'r:
551 3921 667 3975 »Multas
687 3921 744 3974 illic
758 3920 896 3988 utrimque
914 3918 1041 3972 lacrimas
1061 3920 1089 3970 ct
1107 3917 1185 3985 sigua
1199 3914 1332 3980 caritatis,

161 4030 289 4082 spemque
309 4029 341 4065 ex
360 4028 405 4068 eo,
425 4012 491 4077 lore,
511 4015 542 4062 ut
561 4011 669 4064 iuvenis
689 4008 874 4078 penetralibus
894 4008 938 4061 ari
957 4007 1133 4059 redderetur<

147 4125 152 4133 “
232 4121 253 4185 ³}
272 4120 411 4173 Plutarch.
431 4118 447 4171 l.
468 4118 484 4170 l.

140 4197 143 4203 -
233 4231 254 4283 *λ
273 4228 354 4281 Tacit.
375 4225 391 4277 l.
412 4225 433 4276 l:
454 4241 567 4293 gnarum
587 4226 613 4277 id
633 4224 749 4278 Caesari.
