2962 4762
641 226 834 286 ..2,

149 407 248 468 risset
272 442 312 448 —
338 404 424 486 quod
448 403 556 486 paullo
581 407 655 465 ante
679 403 749 465 eius
773 408 907 465 mortem
932 401 1053 464 factum
1077 419 1146 463 esse
1167 401 1327 483 epistulae

150 532 190 575 ex
215 511 317 573 Ponto
341 510 398 591 IV,
422 514 442 572 o
467 531 494 571 v.
522 513 561 572 15
587 511 801 572 demonstrat:

264 617 433 700 »Coeperat
455 616 625 700 Augustus
650 616 802 698 deceptae
826 617 992 698 ignoscere
1017 614 1145 696 culpae«
1169 652 1210 658 -

149 728 282 789 nomina
300 726 478 788 amicorum
498 726 532 785 in
552 723 750 786 carminibus
768 721 904 784 Romam
926 722 1034 784 missis
1052 722 1188 804 prodere
1207 740 1325 784 ausum

150 853 219 898 esse
242 831 418 896 verisimile
442 837 498 893 est.
545 829 626 893 (lum
651 835 759 893 autem
783 829 935 892 Tristium
960 828 1081 910 elegiae
1105 833 1136 890 et
1160 847 1202 890 ex
1220 827 1326 890 Ponto

150 940 306 1024 epistulae
325 939 477 1021 temporis
497 938 598 1020 spatio
622 944 687 1001 tam
712 937 830 1020 exigno
854 937 939 999 inter
961 954 995 997 se
1020 935 1147 1015 distent,
1171 941 1208 996 ut
1231 935 1327 1016 quiu-

150 1054 203 1111 tus
226 1047 356 1109 illarum
385 1044 468 1107 liber
491 1045 603 1107 eodem
628 1063 711 1105 anno
736 1081 778 1088 —
803 1062 887 1105 anno
911 1063 941 1125 p.
965 1040 1036 1103 Chr.
1063 1042 1103 1103 12
1128 1078 1169 1086 -
1194 1061 1327 1124 prorsus

151 1155 193 1217 sit
222 1152 389 1216 absolutus
419 1151 621 1232 Romamque
652 1151 785 1229 missus,
817 1168 880 1231 quo
910 1150 1015 1232 prima
1043 1148 1158 1210 harum
1183 1150 1327 1237 carmina

151 1265 228 1323 sunt
247 1256 459 1342 composita1),
483 1275 597 1340 operae
615 1258 755 1339 pretium
774 1256 904 1319 videtur
923 1274 992 1318 esse
1010 1254 1119 1338 paullo
1144 1257 1327 1318 accuratius

151 1386 193 1430 ex
217 1365 364 1449 epistulis
388 1383 429 1427 ex
452 1362 555 1427 Ponto
580 1364 783 1446 conquirere,
811 1365 943 1445 quinam
973 1361 1096 1425 fuerint
1118 1363 1180 1424 viri
1203 1361 1260 1442 illi,
1285 1363 1327 1424 ad

151 1493 232 1556 quos
257 1471 393 1535 Ovidius
417 1471 561 1554 singulas
579 1470 733 1533 Tristinm
757 1469 875 1553 elegias
898 1471 1030 1533 miserit.
1069 1467 1229 1544 Quoniam
1248 1487 1326 1531 rero

150 1582 186 1642 in
209 1580 259 1642 his
283 1578 481 1642 carminibus
505 1597 576 1640 raro
600 1579 797 1660 invenimus,
821 1596 903 1660 quae
928 1576 967 1638 ad
990 1576 1122 1638 illorum
1141 1554 1226 1639 vitae
1250 1595 1327 1638 con-

152 1687 312 1749 dicionem
342 1686 536 1769 pertineant,
570 1685 722 1748 carminis
755 1686 913 1767 cuiusque
940 1683 1083 1745 indolem
1112 1689 1143 1746 et
1170 1688 1326 1765 tanquam

152 1812 268 1857 sonum
287 1793 446 1875 respicere
461 1791 660 1872 debebimus,
680 1793 808 1875 saepius
824 1796 932 1854 autem
951 1791 986 1852 iu
1001 1808 1038 1852 ec
1054 1788 1325 1871 acquiescendum

152 1901 219 1981 erit,
243 1903 280 1961 ut
303 1918 432 1962 carmen
456 1898 587 1980 aliquod
611 1899 715 1961 amico
735 1898 864 1960 cuidam
887 1896 1131 1960 inscribendum
1155 1914 1224 1958 esse
1248 1896 1326 1958 satis

150 2005 316 2090 probabile
341 2006 607 2068 demonstremus.
654 2005 737 2068 Sunt
768 2010 875 2067 autem
906 2005 941 2065 in
964 2003 1116 2066 Tristium
1139 2001 1231 2064 libris
1255 2020 1326 2084 sep-

150 2114 322 2176 temdecim
352 2113 481 2196 elegiae,
506 2131 588 2194 quae
617 2112 657 2174 ad
681 2113 800 2174 amicos
818 2109 931 2173 fideles
949 2109 1085 2172 Romam
1104 2111 1221 2172 missae
1240 2114 1326 2189 sunt,

151 2219 277 2302 reliqua
300 2220 443 2282 carmina
466 2223 523 2282 aut
542 2219 582 2280 ad
601 2218 753 2281 lectorem
763 2215 787 2299 2)
817 2217 1077 2300 qualemcunque
1101 2220 1157 2278 aut
1180 2215 1221 2278 ad
1244 2234 1326 2277 uxo-

152 2320 221 2390 r'em
263 2330 319 2389 aut
354 2325 394 2388 ad
426 2324 615 2408 Augustum
653 2330 708 2387 aut
744 2325 783 2387 ad
821 2323 973 2388 Perillam
1011 2330 1067 2385 aut
1101 2322 1141 2384 ad
1176 2321 1326 2383 invidum

152 2434 322 2516 pertinent.

242 2538 315 2601 Jam
335 2540 434 2622 igitur
454 2558 534 2621 quos
554 2539 594 2601 ad
614 2539 734 2602 amicos
754 2537 890 2601 Ovidius
915 2537 1059 2600 carmina
1081 2535 1138 2598 illa
1162 2536 1327 2618 scripsisse

153 2646 310 2726 videatur,
333 2647 378 2707 ita
397 2664 598 2727 quaeramus,
623 2651 660 2709 ut
678 2646 819 2728 primum
844 2645 883 2707 de
903 2643 993 2706 Cotta
1017 2649 1048 2706 et
1072 2643 1144 2706 Sex.
1163 2641 1327 2724 Pompeio,

154 2754 210 2835 qui
239 2753 325 2815 inter
355 2771 467 2815 omnes
496 2753 612 2815 intima
636 2751 745 2815 Ovidii
767 2751 985 2814 familiaritate
1008 2752 1060 2813 usi
1084 2756 1169 2831 sunt,
1193 2754 1263 2811 tum
1288 2749 1327 2811 de

153 2857 268 2922 Paullo
288 2857 386 2921 Fabio
406 2858 559 2939 Maximo,
580 2859 619 2922 de
638 2859 755 2939 Attico,
775 2858 815 2920 de
833 2857 945 2938 Brute,
962 2857 1001 2920 de
1021 2856 1101 2919 Caro
1121 2857 1327 2919 disseramus.

174 3099 177 3104 ι
227 3037 246 3103 1)
266 3037 299 3089 cf.
336 3034 515 3088 Loersium
532 3034 561 3086 in
573 3033 773 3102 Prolegornenis
792 3034 826 3087 ad
839 3033 902 3086 edit.
916 3033 994 3086 Trist.
1008 3049 1067 3101 pag.
1084 3037 1124 3086 11.
1145 3034 1172 3084 et
1185 3031 1326 3084 Messon.

154 3125 204 3176 rit.
225 3124 302 3178 Oxid.
323 3140 364 3191 ap.
384 3123 531 3178 Burmann.
551 3123 603 3177 vol.
622 3122 669 3176 IV.
689 3138 748 3191 pag.
771 3126 828 3175 105.

226 3212 247 3281 9)
266 3212 299 3266 cf.
336 3211 470 3265 Merkel.
491 3213 520 3265 in
538 3211 601 3265 edit.
621 3228 680 3280 pag.
701 3215 743 3264 68.
