2962 4762
631 202 850 262 ..43-

333 377 463 440 »Cultor
486 386 517 440 et
541 378 672 440 antistes
697 378 862 440 doctorum
886 386 995 444 sancte
1018 382 1169 463 virorum,

334 484 396 560 oui
419 485 498 547 facis
522 485 652 566 ingenio
677 503 814 566 semper,
839 487 949 566 anrioe,
972 507 1057 550 meo«

156 613 217 676 vel.
248 630 327 673 vers.
361 613 395 671 7:
433 616 561 671 »vatum
594 608 736 670 studiose
768 614 971 673 novorumP«
1012 612 1181 677 Praeterea
1213 617 1331 698 optime

157 718 293 801 quadrat
311 717 350 778 ad
370 735 416 795 ea,
436 734 518 797 qnae
541 716 604 777 iarn
629 735 726 799 supra
750 716 789 778 de
808 715 908 780 Bruto
932 718 1083 801 diximus,
1107 725 1138 783 et
1161 742 1332 804 argumen-

157 832 227 888 tum
251 831 281 888 et
311 823 398 886 color
429 823 525 883 nostri
557 824 716 884 carminis.
773 821 981 886 Commendat
1013 827 1099 888 enim
1127 829 1230 890 amieo
1260 849 1332 911 pro-

157 933 284 1014 geniem
309 950 409 1009 suam,
433 930 485 991 cui
509 934 639 1011 parente
663 928 759 991 orbae
783 930 816 989 iu
840 931 943 1012 patria
966 951 1035 996 esse
1058 934 1160 997 lioeat.
1214 934 1332 1009 Quam-

160 1058 257 1121 quam
281 1043 387 1100 autem
412 1038 480 1118 ipse
504 1035 650 1098 coneedit
673 1035 970 1119 Metamorphoseon
1003 1059 1082 1122 opus
1110 1041 1333 1124 imperfectum

159 1164 244 1224 esse,
279 1150 385 1206 tamon
418 1144 478 1203 nisi
512 1143 608 1204 tantis
645 1142 742 1205 rebus
775 1143 919 1206 advorsis
948 1145 1086 1208 afflictus
1119 1155 1215 1213 esset.
1251 1149 1332 1210 iilud

159 1252 323 1335 expletum
347 1270 536 1332 summaque
565 1249 660 1311 laude
684 1249 820 1331 dignum
848 1269 882 1312 se
905 1251 1065 1315 facturum
1094 1253 1194 1316 fuisse
1218 1254 1333 1317 oontir-

160 1366 232 1421 mat.
269 1357 350 1419 Tum
373 1358 487 1419 transit
507 1356 546 1418 ud
571 1357 701 1419 tertium
720 1355 871 1418 Tristium
896 1357 1024 1438 librrmq
1049 1379 1144 1441 quem
1168 1381 1233 1423 nna
1258 1380 1333 1423 oum

161 1471 270 1527 nostra
293 1464 395 1545 elegia
417 1462 551 1525 Romam
575 1464 670 1542 misit,
693 1470 849 1546 rogatque
873 1466 1030 1527 amioum:

289 1589 380 1651 »Hoc
405 1607 534 1670 quoque
559 1588 665 1649 neseio
692 1587 770 1669 quid
795 1589 912 1651 nostris
936 1609 1059 1672 appone
1083 1591 1209 1670 libanis,

289 1693 425 1758 Diverso
450 1697 593 1759 missum.
618 1694 702 1774 quod
727 1694 785 1756 tibi
810 1694 849 1756 ab
875 1696 951 1758 orbe
975 1699 1087 1760 venit«

162 1819 294 1903 Legenti
318 1827 425 1883 autem
449 1821 509 1881 ista
533 1819 676 1881 earmina
699 1820 904 1900 rogitandum
930 1840 1013 1901 esse⁷
1044 1843 1107 1903 quo
1136 1828 1276 1905 tempore
1305 1828 1336 1885 et

163 1948 225 2010 quo
254 1928 323 1989 loeo
360 1927 424 1988 sint
457 1925 639 2007 composita.
687 1924 812 1999 Quibus
836 1927 933 1990 rebus
958 1948 1022 1990 non
1048 1931 1196 1991 excusari
1232 1930 1336 1992 solum

162 2055 272 2097 eorum
296 2035 390 2113 vitiu,
414 2032 469 2094 sed
495 2050 657 2114 quemque
681 2033 776 2094 etiam
807 2035 916 2096 mirari
941 2035 1073 2115 debere,
1102 2036 1188 2118 quod
1215 2037 1271 2098 tali
1302 2038 1336 2097 in

162 2141 349 2203 condicione
373 2140 515 2201 carmina
537 2157 677 2221 pangere
695 2140 803 2221 possit.
849 2139 932 2202 Nam
956 2143 1123 2224 ingenium
1148 2163 1243 2205 sunm
1268 2162 1337 2205 esse

163 2248 320 2310 malorum
344 2245 552 2308 multitudine
575 2245 713 2307 fractum
738 2253 768 2308 et
791 2247 999 2310 imminutum
1030 2250 1158 2330 iamque
1182 2269 1216 2311 se
1239 2250 1337 2310 latine

161 2354 250 2436 loqui
284 2353 481 2415 dedidicisse.
541 2351 654 2435 Itaque
687 2353 783 2415 huius
821 2356 1124 2435 quoque-oarnrinis
1156 2355 1221 2418 tine
1254 2356 1334 2438 petit

163 2461 202 2524 ab
228 2462 346 2523 anrioo:

321 2583 605 2665 »Qualemounque
629 2584 725 2667 legas,
749 2587 844 2648 venia
868 2587 1000 2668 dignare
1024 2586 1150 2649 libellos

324 2691 424 2755 Sortis
448 2696 479 2752 ot
502 2710 622 2752 excusa
646 2691 834 2754 condicione
858 2711 970 2755 meae«

253 2816 407 2878 Videmus
448 2816 548 2897 igitur
590 2834 653 2876 non
695 2815 800 2877 solnm
842 2817 971 2878 initium
1013 2816 1069 2879 sed
1109 2817 1206 2878 etiam
1238 2816 1336 2878 finem

163 2925 240 3008 eleg.
271 2923 333 3004 HI,
366 2925 406 2984 14
438 2921 532 2983 Bruti
560 2941 730 3003 personam
763 2922 912 2985 indicare.
968 2922 1033 2984 Cur
1063 2928 1170 2986 autem
1200 2921 1336 2985 Ovidius

164 3032 250 3093 huno
275 3032 379 3113 ipsum
413 3030 552 3091 amioum
576 3029 753 3090 carminum
786 3049 917 3091 suorum
941 3034 1079 3091 tutorem
1107 3049 1176 3093 esse
1198 3030 1337 3091 voluerit

164 3149 194 3201 et
224 3159 281 3200 our
313 3136 353 3198 ad
381 3136 466 3198 hune
497 3154 618 3197 novum
651 3135 748 3196 studii
781 3137 832 3198 sui
861 3137 979 3219 pignus
1008 3155 1049 3199 ex
1073 3135 1176 3199 Ponto
1205 3136 1336 3216 miserit,

163 3245 389 3326 unusquisque
408 3262 448 3304 ex
470 3243 522 3322 iis,
548 3261 629 3323 oquae
649 3262 745 3324 supra
766 3242 805 3304 de
823 3243 884 3304 hoo
903 3244 972 3304 viro
993 3243 1167 3324 attulimuq
1185 3243 1336 3304 facillime

163 3351 328 3433 intellegit.

252 3457 420 3519 Nescimus
445 3475 483 3518 an
505 3456 607 3518 eidem
631 3462 798 3538 poetarum
821 3457 937 3518 cultori
956 3457 1048 3540 eleg.
1068 3456 1252 3518 Tristium
1271 3454 1296 3534 L
1318 3459 1335 3516 7

164 3568 206 3628 sit
234 3563 447 3627 inscribenda.
500 3561 569 3637 Quo
599 3563 631 3623 in
661 3564 802 3625 earniine
830 3570 939 3626 noster
968 3563 1007 3625 de
1039 3562 1337 3645 Metamorphoseon

163 3678 286 3734 tantum
319 3670 410 3732 libris
433 3671 510 3732 dicit
539 3663 703 3751 rogatque,
734 3675 770 3731 ut
803 3689 883 3752 opus
906 3670 1004 3742 illud,
1035 3669 1121 3751 quod
1142 3670 1247 3730 maius
1271 3687 1338 3729 mo-

164 3783 354 3842 mnnentum
389 3778 560 3858 veriorque
597 3777 719 3858 imago7
755 3797 852 3858 quam
890 3777 1023 3857 anulus,
1062 3777 1097 3837 in
1129 3795 1192 3858 quo
1231 3775 1337 3837 exulis

163 3887 273 3949 vultus
297 3885 445 3946 videatur
469 3884 665 3966 insenlptns,
691 3884 747 3963 sit,
770 3882 891 3945 Romae
915 3883 954 3945 ab
976 3884 1087 3946 anneis
1110 3882 1265 3944 benevole
1288 3900 1337 3944 re·

164 3995 315 4077 cipiatnr:

376 4099 450 4161 »His
474 4099 586 4160 saitem
610 4103 715 4159 restra
740 4097 833 4159 detur
857 4098 891 4157 in
915 4095 1003 4158 Urbe
1028 4097 1139 4159 loeus«.

163 4226 271 4308 Atque
295 4225 497 4307 diligentius,
531 4242 628 4304 quam
660 4224 692 4284 in
718 4222 796 4304 eleg.
827 4220 890 4294 ΠΙ,
922 4223 961 4282 14
986 4222 1119 4303 exponit
1140 4219 1240 4281 fuisse
1263 4220 1336 4281 illos
