2962 4762
590 235 809 296 -13...

111 411 200 490 vidit,
228 418 264 473 ut
288 430 353 472 non
383 409 574 489 dubitemus
604 412 683 492 quin
706 410 766 473 hoe
791 429 919 492 quoque
943 429 1070 473 carmen
1094 408 1166 472 Sex.
1190 407 1286 471 Pom·

110 517 181 600 peio
214 516 455 580 inscribendum
487 519 536 579 sit.
591 516 674 579 Nam
705 521 742 579 ut
774 518 958 580 omittamus
990 518 1108 599 optime
1132 517 1171 579 ad
1195 517 1284 578 illam

110 624 256 686 intimam
283 623 532 686 familiaritatem
550 623 748 706 Pompeique
768 625 989 687 auctoritatem
1013 624 1177 706 quadrare,
1198 623 1284 705 quod

110 730 150 792 ad
173 730 261 792 hunc
283 732 420 813 primam
442 729 593 793 Tristium
624 730 759 812 elegiam
792 769 833 776 -
865 749 978 814 nempe
1008 732 1092 792 inter
1115 749 1176 811 eas,
1201 750 1283 812 quae

111 837 241 899 omnino
256 837 297 899 ad
312 837 431 899 amicos
446 829 671 919 scriptae'simt
686 875 727 882 -
738 839 869 919 miserit,
888 839 986 900 totius
1002 838 1153 898 carminis
1168 856 1282 899 sensus

109 944 273 1005 tenerrimi
306 943 378 1006 Sex.
411 943 601 1027 Pompeium
633 945 784 1007 videntur
816 945 965 1006 indicare.
1030 942 1078 1006 De
1108 963 1171 1026 quo
1196 944 1281 1006 enim

109 1050 214 1131 aptius
238 1050 343 1113 dicere
365 1053 469 1134 potuit
492 1055 585 1134 poeta
607 1052 700 1113 initio
724 1052 890 1113 carminis:

241 1155 282 1218 »O
307 1157 385 1219 mihi
408 1163 480 1240 post
502 1158 585 1219 ullos
609 1176 778 1239 nunquam
800 1157 1004 1219 memora-nde
1028 1157 1161 1235 sodales,

243 1262 278 1344 Ο,
302 1266 355 1326 cui
378 1265 548 1347 praecipue
573 1283 640 1326 sors
665 1283 735 1326 mea
757 1265 828 1327 visa
851 1284 909 1329 sua
933 1269 1003 1343 est,<‹

108 1390 183 1432 nam
215 1372 266 1433 cui
292 1372 476 1450 amicorum,
509 1369 599 1433 Cotta
631 1369 803 1433 Messalino
835 1370 968 1433 fortasse
1002 1376 1144 1453 excepte,
1172 1368 1280 1431 Ovidii

107 1497 175 1540 sors
199 1480 244 1540 ita
276 1478 337 1540 fuit
360 1496 465 1557 curae,
489 1497 586 1559 quam
609 1475 786 1560 Pompeio?
833 1477 882 1540 Ne
906 1483 1013 1541 autem
1037 1477 1075 1539 de
1098 1477 1154 1540 illo
1178 1479 1280 1539 amico

107 1586 293 1667 cogitemus,
317 1585 410 1647 cuius
434 1602 510 1646 sane
530 1583 568 1646 ab
598 1584 757 1667 adloquiis
786 1585 927 1647 animam
945 1604 1037 1646 suam
1055 1583 1281 1647 moribundam

106 1691 263 1754 revixisse
288 1689 423 1753 Ovidius
445 1692 481 1752 in
505 1691 582 1773 eleg.
605 1689 697 1753 Trist.
720 1690 777 1772 IV,
802 1694 830 1771 5,
856 1711 952 1773 quam
971 1689 1080 1753 Cottae
1103 1690 1280 1753 inscriben-

108 1796 180 1859 dam
210 1816 279 1860 1111
311 1817 408 1880 supra
436 1797 733 1878 demonstravimus,
765 1798 850 1878 dicit,
881 1816 917 1861 eo
946 1798 1094 1861 videmur
1123 1796 1280 1880 impediri,

108 1903 193 1985 quod
217 1901 369 1966 Ovidium
398 1905 433 1966 in
463 1906 565 1986 prima
597 1905 699 1987 elegia.
723 1893 762 1966 ad
785 1905 878 1967 illum
901 1906 1019 1987 scripta
1041 1905 1140 1986 patris
1165 1909 1195 1966 et
1217 1903 1280 1966 fra·

106 2011 163 2072 tris
187 2011 256 2072 eius
279 2011 432 2094 illiusque
455 2031 543 2091 usne,
568 2029 663 2093 quem
687 2031 761 2074 omn
792 2009 947 2074 Messalae
979 2011 1100 2073 familia
1123 2010 1279 2090 habuerit,

105 2119 301 2180 mentionem
331 2117 492 2181 facturum
522 2118 622 2180 fuisse
654 2117 747 2180 nobis
780 2124 826 2180 est
859 2137 1055 2200 persuasum.
1111 2116 1279 2180 Praeterea

33 2252 37 2262 ·
104 2222 161 2285 illa
183 2224 282 2287 verba
303 2226 339 2286 in
362 2225 439 2308 eleg.
463 2224 520 2304 IV,
544 2227 563 2286 b
587 2225 669 2286 nihil
692 2224 883 2307 significant,
914 2224 976 2285 nisi
1000 2229 1111 2306 poetae
1135 2224 1280 2286 animum

106 2327 197 2392 Cotta
226 2331 412 2393 adhortante
442 2330 665 2395 confirmatum
693 2351 771 2411 esse,
801 2332 836 2392 in
865 2335 973 2393 nostro
1005 2335 1113 2393 autem
1136 2331 1278 2392 carmine
1309 2383 1311 2387 ,

105 2454 186 2498 vers.
212 2439 231 2497 b
256 2456 337 2519 seq.:

286 2542 363 2618 »Qui
387 2545 467 2606 mihi
491 2546 663 2607 consilium
686 2545 816 2608 vivendi
840 2546 916 2606 mite
942 2544 1065 2624 dedisti,

288 2649 368 2713 Cum
390 2651 472 2714 foret
494 2653 529 2713 in
552 2654 668 2714 misero
692 2657 818 2734 pectore
841 2652 953 2714 mortis
977 2671 1089 2731 amor,«

105 2758 221 2838 optime
246 2759 442 2820 conveniunt
466 2777 540 2819 eum
562 2757 678 2838 verbis,
703 2777 784 2840 quae
807 2759 843 2819 in
867 2759 944 2840 eleg.
968 2757 1121 2820 Tristium
1144 2757 1183 2837 V,
1208 2761 1276 2820 91.

107 2866 146 2926 19
170 2864 322 2946 legimus:

262 2970 476 3034 »Semineeem
499 2970 610 3054 Stygia
633 2973 789 3034 revocasti
813 2972 901 3034 solus
925 2971 963 3033 ab
987 2971 1098 3051 unda«

102 3075 188 3138 unde
219 3081 348 3159 apparet
378 3076 450 3140 Sex.
481 3075 672 3160 Pompeium
704 3078 940 3156 intercessisse,
974 3095 1015 3139 ne
1045 3082 1276 3159 poetamanus

102 3181 164 3244 sibi
187 3182 327 3246 inferret.
381 3184 419 3246 Id
448 3190 555 3247 autem
587 3184 625 3247 de
650 3203 848 3266 unoquoque
879 3186 980 3246 amico
1005 3184 1110 3247 dicere
1133 3184 1276 3266 potuisse

101 3294 228 3371 poetam
250 3291 308 3352 rix
338 3292 509 3372 quisquam
531 3291 664 3375 putabit.
718 3289 805 3365 Quae
829 3310 904 3353 oum
933 3292 978 3353 ita
1005 3292 1085 3371 sint,
1112 3291 1173 3353 hoc
1197 3310 1275 3373 quo-

103 3415 165 3477 que
188 3397 224 3457 in
247 3399 387 3460 carmine
418 3397 490 3460 Sex.
514 3396 705 3480 Pompeium
727 3398 982 3481 intellegendum
1006 3416 1074 3460 esse
1098 3416 1274 3460 censemus.

191 3501 254 3566 Sed
278 3503 315 3566 de
339 3504 399 3566 hoe
422 3502 530 3566 Ovidii
554 3506 655 3566 amico
678 3506 743 3566 iam
767 3506 842 3566 satis
867 3504 988 3567 dictum
1012 3509 1074 3581 est3
1105 3505 1275 3566 veniamus

101 3608 141 3670 ad
164 3610 266 3690 illum,
279 3612 345 3691 ·qui
370 3612 438 3673 sine
463 3610 559 3673 dubio
583 3616 709 3693 praeter
731 3616 853 3673 eeteros
885 3630 1009 3673 summa
1032 3611 1219 3673 auctoritate
1243 3618 1274 3672 et

100 3717 203 3799 gratia
234 3717 317 3800 apud
340 3717 525 3800 Augustum
549 3716 666 3797 floruit,
690 3717 729 3779 ad
752 3716 903 3780 Paullum
927 3715 1273 3779 Fabium'Maximum.
