2962 4762
631 179 849 238 -12-

334 352 427 415 »Pars
451 353 528 416 estis
552 355 645 436 pauci
670 354 791 432 melior,
816 354 869 435 qui
896 353 992 416 rebus
1018 355 1050 415 in
1074 355 1150 417 artis

334 458 429 523 Terre
453 460 531 522 mihi
556 460 678 523 nullam
702 465 795 543 turpe
819 461 955 542 putastis
979 479 1086 542 opem«

155 574 252 649 utque
276 568 309 628 in
334 566 420 628 illius
443 564 594 629 Tristium
619 567 769 629 carminis
797 584 893 629 versu
925 568 945 629 2
970 566 1330 630 hu11camicum»uni-

151 692 221 735 cam
233 692 335 735 aram«
345 672 490 756 appellat,
501 673 588 736 sicin
603 673 700 736 huius
713 673 868 756 epistulae
879 692 959 736 vers.
974 675 1008 736 6:
1025 693 1189 736 »ancoram
1205 675 1330 737 solanus

241 778 282 842 Et
312 779 353 842 ad
383 799 555 862 quemnam
586 781 691 862 aptius
724 782 903 863 pertineant
927 781 1032 842 ultimi
1056 787 1183 844 nostrae
1207 782 1329 863 elegiae

152 906 273 964 versus,
298 906 393 967 quam
419 886 459 948 ad
484 884 629 948 Cottam?
676 885 828 969 Legimus
852 887 937 950 enirn
963 887 1041 949 illie:

333 991 469 1076 »Diligat
493 998 524 1056 et
547 1011 680 1076 semper.
704 995 810 1056 socius
835 1000 865 1056 te
889 994 1056 1076 sanguinis
1082 995 1135 1056 illu

335 1097 405 1174 Quo
428 1100 501 1183 pius
525 1099 639 1162 affectu
664 1099 793 1163 Castora
816 1099 920 1164 frater
937 1105 1029 1162 amat.

336 1205 387 1268 Sic
412 1207 537 1269 iuvenis
562 1207 741 1288 similisque
765 1207 824 1270 tibi
848 1209 889 1269 sit
912 1216 1006 1270 natus
1031 1213 1062 1270 et
1084 1207 1176 1269 illum

334 1312 478 1375 Moribus
502 1320 653 1395 agnoscat
677 1314 733 1394 qui
758 1313 836 1377 libet
859 1332 929 1377 esse
952 1319 1068 1377 nnuma<

241 1418 359 1482 Facere
377 1438 443 1480 nou
462 1438 642 1500 possumus,
662 1421 742 1500 quin
762 1420 801 1483 de
820 1419 930 1483 Cottae
948 1419 1045 1483 fratre
1063 1419 1190 1482 Valerio
1209 1418 1329 1482 Messa-

152 1526 217 1586 lino
250 1527 443 1608 cogitemus,
474 1545 548 1587 nam
574 1527 605 1587 in
641 1526 790 1589 omnibus
823 1545 924 1609 paene
953 1526 1098 1608 epistulis
1131 1527 1172 1588 ad
1205 1524 1329 1589 Cottam

151 1632 277 1715 scriptis
310 1631 406 1694 huius
440 1631 547 1701 fratris
580 1639 673 1715 poeta
704 1633 780 1696 facit
817 1634 1012 1696 mentionem
1044 1632 1132 1694 velut
1161 1633 1185 1712 Ι,
1219 1634 1248 1712 9,
1285 1633 1328 1694 29

150 1738 328 1820 eodemque
361 1738 455 1801 modo
488 1739 521 1800 in
556 1740 701 1821 epistulis
736 1740 777 1802 ad
809 1738 1020 1802 Messalinum
1061 1738 1177 1802 Cottae.
1243 1737 1329 1801 Dicit

151 1846 239 1908 euim
261 1844 287 1925 Ι,
312 1848 340 1926 7,
363 1866 391 1907 r.
416 1848 456 1908 31
483 1864 562 1927 seq:

280 1952 389 2015 »Adde
413 1952 499 2034 quod
523 1958 571 2015 est
593 1951 692 2014 frater
715 1958 803 2014 tanto
828 1951 886 2014 tibi
911 1953 1040 2014 iunctus
1064 1971 1180 2031 amore,

281 2056 427 2133 Quantus
450 2059 485 2120 in
508 2058 633 2121 Atridis
655 2057 914 2141 Tyndaridisque
938 2059 1013 2120 fuit«

152 2166 202 2227 vel
227 2165 371 2228 eiusdem
395 2165 545 2227 carminis
569 2184 651 2228 vers.
676 2168 718 2229 59
744 2184 822 2247 seq:

280 2269 449 2352 »Quaeque
473 2277 528 2333 tua
553 2278 600 2334 est
624 2273 735 2354 pietas
758 2280 795 2334 ut
818 2279 849 2335 te
872 2290 936 2333 non
962 2270 1088 2334 excolat
1110 2271 1216 2353 ipsimi

280 2377 302 2439 J
304 2397 342 2440 us
366 2377 497 2458 aliquod
521 2383 628 2441 tecum
651 2378 758 2441 framis
782 2380 905 2440 amicus
929 2376 1047 2440 habet«

241 2483 364 2546 Cottam
395 2490 502 2546 autern
533 2484 637 2547 filium
669 2484 829 2564 habuisse,
860 2502 956 2565 quem
979 2489 1090 2566 postea
1112 2482 1196 2546 Nero
1221 2505 1327 2547 annua

151 2591 287 2672 pecunia
312 2589 502 2671 sublevaret,
525 2590 653 2654 Tacitus
678 2592 712 2652 in
734 2591 819 2652 Ann.
844 2589 937 2670 xm,
962 2592 1004 2653 34
1028 2591 1168 2653 tradidit.

241 2694 365 2771 Quibus
395 2697 434 2759 de
465 2699 571 2760 causis
596 2698 683 2760 haud
706 2698 853 2779 ineptmn
879 2695 972 2758 nobis
1001 2696 1130 2759 videtur
1154 2715 1223 2760 esse
1246 2699 1328 2761 hane

152 2822 290 2885 quoque·
304 2804 438 2886 elegiam
463 2803 606 2866 Maximo
632 2803 740 2866 Cottae
764 2802 904 2865 inscribi

241 2908 335 2984 Quod
368 2911 453 2972 euim
485 2911 549 2972 duo
582 2912 723 2972 carmina
757 2911 961 2992 insequentia
987 2910 1035 2990 ,ud
1059 2910 1198 2973 eundem
1222 2911 1329 2987 rirum

152 3017 268 3099 scripta
295 3035 363 3079 esse
386 3017 546 3096 videntur,
570 3037 636 3078 non
654 3024 812 3099 repugnat
835 3022 962 3080 nostrae
982 3017 1166 3097 sententiae,
1190 3017 1224 3079 id
1243 3018 1328 3080 enim

152 3123 279 3204 saepius
303 3125 337 3184 ln
362 3121 470 3185 Ouidii
493 3122 584 3185 libris
616 3123 782 3185 inuenitur
813 3124 903 3185 velut
928 3142 969 3185 ex
993 3122 1095 3185 Ponto
1119 3122 1175 3204 IV,
1200 3127 1220 3186 4
1245 3134 1276 3187 et
1299 3127 1328 3186 ἵ).

152 3228 283 3292 Praeter
312 3230 383 3292 illas
414 3235 538 3310 autem,
564 3229 603 3292 de
634 3228 752 3311 quibus
777 3229 928 3310 dirimas,
956 3229 1105 3293 Tristiurn
1131 3231 1249 3313 elegias
1272 3210 1329 3291 rix

152 3336 217 3398 ulla
243 3336 305 3398 alia
329 3337 403 3398 huic
429 3336 531 3397 amico
555 3334 763 3416 probabiliter
786 3335 954 3406 tribuetur,

240 3440 451 3504 Transeamus
475 3442 583 3524 igitur,
607 3449 642 3503 ut
666 3448 733 3504 erat
756 3444 963 3524 propositum,
987 3443 1028 3504 ad
1052 3443 1188 3506 alterum
1213 3442 1328 3505 Ouidio

152 3548 312 3625 intimum,
336 3548 408 3612 Sex.
433 3548 631 3630 Pompeium.
